%YAML 1.1
%TAG !u! tag:unity3d.com,2011:
--- !u!1 &1268773282685844578
GameObject:
  m_ObjectHideFlags: 0
  m_CorrespondingSourceObject: {fileID: 0}
  m_PrefabInstance: {fileID: 0}
  m_PrefabAsset: {fileID: 0}
  serializedVersion: 6
  m_Component:
  - component: {fileID: 1268773282685844591}
  - component: {fileID: 1268773282685844590}
  - component: {fileID: 1268773282685844577}
  - component: {fileID: 1268773282685844576}
  - component: {fileID: 1268773282685844588}
  m_Layer: 0
  m_Name: "cub\u0443"
  m_TagString: Untagged
  m_Icon: {fileID: 0}
  m_NavMeshLayer: 0
  m_StaticEditorFlags: 0
  m_IsActive: 1
--- !u!4 &1268773282685844591
Transform:
  m_ObjectHideFlags: 0
  m_CorrespondingSourceObject: {fileID: 0}
  m_PrefabInstance: {fileID: 0}
  m_PrefabAsset: {fileID: 0}
  m_GameObject: {fileID: 1268773282685844578}
  m_LocalRotation: {x: 0, y: 0, z: 0, w: 1}
  m_LocalPosition: {x: 0, y: 0, z: 0}
  m_LocalScale: {x: 1, y: 1, z: 1}
  m_Children:
  - {fileID: 8286442189044364612}
  - {fileID: 8286442187655670885}
  - {fileID: 8286442187601939881}
  - {fileID: 8286442188513557736}
  - {fileID: 8286442188681970049}
  - {fileID: 8286442188824780484}
  - {fileID: 8286442188064393617}
  - {fileID: 8286442188551711616}
  - {fileID: 8286442188139083905}
  - {fileID: 8286442188389379292}
  - {fileID: 8286442188150420694}
  - {fileID: 8286442188125964024}
  - {fileID: 8286442187888943239}
  - {fileID: 8286442187386234774}
  - {fileID: 8286442187012599958}
  - {fileID: 8286442187204031472}
  - {fileID: 8286442188005467538}
  - {fileID: 8286442188253380596}
  - {fileID: 8286442188677900740}
  - {fileID: 8286442187660808982}
  - {fileID: 8286442188960291256}
  - {fileID: 8286442188586011189}
  - {fileID: 8286442188491888925}
  - {fileID: 8286442187253266121}
  - {fileID: 8286442187326411446}
  - {fileID: 8286442188400777612}
  - {fileID: 8286442188550285536}
  m_Father: {fileID: 0}
  m_RootOrder: 0
  m_LocalEulerAnglesHint: {x: 0, y: 0, z: 0}
--- !u!114 &1268773282685844590
MonoBehaviour:
  m_ObjectHideFlags: 0
  m_CorrespondingSourceObject: {fileID: 0}
  m_PrefabInstance: {fileID: 0}
  m_PrefabAsset: {fileID: 0}
  m_GameObject: {fileID: 1268773282685844578}
  m_Enabled: 1
  m_EditorHideFlags: 0
  m_Script: {fileID: 11500000, guid: 1958c050f53294532819447092e04506, type: 3}
  m_Name: 
  m_EditorClassIdentifier: 
  holding: 0
--- !u!114 &1268773282685844577
MonoBehaviour:
  m_ObjectHideFlags: 0
  m_CorrespondingSourceObject: {fileID: 0}
  m_PrefabInstance: {fileID: 0}
  m_PrefabAsset: {fileID: 0}
  m_GameObject: {fileID: 1268773282685844578}
  m_Enabled: 1
  m_EditorHideFlags: 0
  m_Script: {fileID: 11500000, guid: 520bb47c46cf8624fafb307b7d1b862a, type: 3}
  m_Name: 
  m_EditorClassIdentifier: 
  m_Camera: {fileID: 0}
--- !u!114 &1268773282685844576
MonoBehaviour:
  m_ObjectHideFlags: 0
  m_CorrespondingSourceObject: {fileID: 0}
  m_PrefabInstance: {fileID: 0}
  m_PrefabAsset: {fileID: 0}
  m_GameObject: {fileID: 1268773282685844578}
  m_Enabled: 1
  m_EditorHideFlags: 0
  m_Script: {fileID: 11500000, guid: fa17d122634046b4a8e23048891fafc5, type: 3}
  m_Name: 
  m_EditorClassIdentifier: 
--- !u!114 &1268773282685844588
MonoBehaviour:
  m_ObjectHideFlags: 0
  m_CorrespondingSourceObject: {fileID: 0}
  m_PrefabInstance: {fileID: 0}
  m_PrefabAsset: {fileID: 0}
  m_GameObject: {fileID: 1268773282685844578}
  m_Enabled: 1
  m_EditorHideFlags: 0
  m_Script: {fileID: 11500000, guid: 1958c050f53294532819447092e04506, type: 3}
  m_Name: 
  m_EditorClassIdentifier: 
  holding: 1
--- !u!1001 &1268773282540716755
PrefabInstance:
  m_ObjectHideFlags: 0
  serializedVersion: 2
  m_Modification:
    m_TransformParent: {fileID: 1268773282685844591}
    m_Modifications:
    - target: {fileID: 6941820856861179515, guid: 211ab963ba5624fed8544668543d1262,
        type: 3}
      propertyPath: m_Name
      value: CubePart (13)
      objectReference: {fileID: 0}
    - target: {fileID: 7162075601513669204, guid: 211ab963ba5624fed8544668543d1262,
        type: 3}
      propertyPath: m_LocalPosition.x
      value: -0.1
      objectReference: {fileID: 0}
    - target: {fileID: 7162075601513669204, guid: 211ab963ba5624fed8544668543d1262,
        type: 3}
      propertyPath: m_LocalPosition.y
      value: 0
      objectReference: {fileID: 0}
    - target: {fileID: 7162075601513669204, guid: 211ab963ba5624fed8544668543d1262,
        type: 3}
      propertyPath: m_LocalPosition.z
      value: 0
      objectReference: {fileID: 0}
    - target: {fileID: 7162075601513669204, guid: 211ab963ba5624fed8544668543d1262,
        type: 3}
      propertyPath: m_LocalRotation.x
      value: -0
      objectReference: {fileID: 0}
    - target: {fileID: 7162075601513669204, guid: 211ab963ba5624fed8544668543d1262,
        type: 3}
      propertyPath: m_LocalRotation.y
      value: -0
      objectReference: {fileID: 0}
    - target: {fileID: 7162075601513669204, guid: 211ab963ba5624fed8544668543d1262,
        type: 3}
      propertyPath: m_LocalRotation.z
      value: -0
      objectReference: {fileID: 0}
    - target: {fileID: 7162075601513669204, guid: 211ab963ba5624fed8544668543d1262,
        type: 3}
      propertyPath: m_LocalRotation.w
      value: 1
      objectReference: {fileID: 0}
    - target: {fileID: 7162075601513669204, guid: 211ab963ba5624fed8544668543d1262,
        type: 3}
      propertyPath: m_RootOrder
      value: 12
      objectReference: {fileID: 0}
    - target: {fileID: 7162075601513669204, guid: 211ab963ba5624fed8544668543d1262,
        type: 3}
      propertyPath: m_LocalEulerAnglesHint.x
      value: 0
      objectReference: {fileID: 0}
    - target: {fileID: 7162075601513669204, guid: 211ab963ba5624fed8544668543d1262,
        type: 3}
      propertyPath: m_LocalEulerAnglesHint.y
      value: 0
      objectReference: {fileID: 0}
    - target: {fileID: 7162075601513669204, guid: 211ab963ba5624fed8544668543d1262,
        type: 3}
      propertyPath: m_LocalEulerAnglesHint.z
      value: 0
      objectReference: {fileID: 0}
    - target: {fileID: 7162075601513669204, guid: 211ab963ba5624fed8544668543d1262,
        type: 3}
      propertyPath: m_LocalScale.x
      value: 0.1
      objectReference: {fileID: 0}
    - target: {fileID: 7162075601513669204, guid: 211ab963ba5624fed8544668543d1262,
        type: 3}
      propertyPath: m_LocalScale.y
      value: 0.1
      objectReference: {fileID: 0}
    - target: {fileID: 7162075601513669204, guid: 211ab963ba5624fed8544668543d1262,
        type: 3}
      propertyPath: m_LocalScale.z
      value: 0.1
      objectReference: {fileID: 0}
    m_RemovedComponents: []
  m_SourcePrefab: {fileID: 100100000, guid: 211ab963ba5624fed8544668543d1262, type: 3}
--- !u!4 &8286442187888943239 stripped
Transform:
  m_CorrespondingSourceObject: {fileID: 7162075601513669204, guid: 211ab963ba5624fed8544668543d1262,
    type: 3}
  m_PrefabInstance: {fileID: 1268773282540716755}
  m_PrefabAsset: {fileID: 0}
--- !u!1001 &1268773282590918598
PrefabInstance:
  m_ObjectHideFlags: 0
  serializedVersion: 2
  m_Modification:
    m_TransformParent: {fileID: 1268773282685844591}
    m_Modifications:
    - target: {fileID: 6941820856861179515, guid: 211ab963ba5624fed8544668543d1262,
        type: 3}
      propertyPath: m_Name
      value: CubePart (17)
      objectReference: {fileID: 0}
    - target: {fileID: 7162075601513669204, guid: 211ab963ba5624fed8544668543d1262,
        type: 3}
      propertyPath: m_LocalPosition.x
      value: 0
      objectReference: {fileID: 0}
    - target: {fileID: 7162075601513669204, guid: 211ab963ba5624fed8544668543d1262,
        type: 3}
      propertyPath: m_LocalPosition.y
      value: 0
      objectReference: {fileID: 0}
    - target: {fileID: 7162075601513669204, guid: 211ab963ba5624fed8544668543d1262,
        type: 3}
      propertyPath: m_LocalPosition.z
      value: -0.1
      objectReference: {fileID: 0}
    - target: {fileID: 7162075601513669204, guid: 211ab963ba5624fed8544668543d1262,
        type: 3}
      propertyPath: m_LocalRotation.x
      value: -0
      objectReference: {fileID: 0}
    - target: {fileID: 7162075601513669204, guid: 211ab963ba5624fed8544668543d1262,
        type: 3}
      propertyPath: m_LocalRotation.y
      value: -0
      objectReference: {fileID: 0}
    - target: {fileID: 7162075601513669204, guid: 211ab963ba5624fed8544668543d1262,
        type: 3}
      propertyPath: m_LocalRotation.z
      value: -0
      objectReference: {fileID: 0}
    - target: {fileID: 7162075601513669204, guid: 211ab963ba5624fed8544668543d1262,
        type: 3}
      propertyPath: m_LocalRotation.w
      value: 1
      objectReference: {fileID: 0}
    - target: {fileID: 7162075601513669204, guid: 211ab963ba5624fed8544668543d1262,
        type: 3}
      propertyPath: m_RootOrder
      value: 16
      objectReference: {fileID: 0}
    - target: {fileID: 7162075601513669204, guid: 211ab963ba5624fed8544668543d1262,
        type: 3}
      propertyPath: m_LocalEulerAnglesHint.x
      value: 0
      objectReference: {fileID: 0}
    - target: {fileID: 7162075601513669204, guid: 211ab963ba5624fed8544668543d1262,
        type: 3}
      propertyPath: m_LocalEulerAnglesHint.y
      value: 0
      objectReference: {fileID: 0}
    - target: {fileID: 7162075601513669204, guid: 211ab963ba5624fed8544668543d1262,
        type: 3}
      propertyPath: m_LocalEulerAnglesHint.z
      value: 0
      objectReference: {fileID: 0}
    - target: {fileID: 7162075601513669204, guid: 211ab963ba5624fed8544668543d1262,
        type: 3}
      propertyPath: m_LocalScale.x
      value: 0.1
      objectReference: {fileID: 0}
    - target: {fileID: 7162075601513669204, guid: 211ab963ba5624fed8544668543d1262,
        type: 3}
      propertyPath: m_LocalScale.y
      value: 0.1
      objectReference: {fileID: 0}
    - target: {fileID: 7162075601513669204, guid: 211ab963ba5624fed8544668543d1262,
        type: 3}
      propertyPath: m_LocalScale.z
      value: 0.1
      objectReference: {fileID: 0}
    m_RemovedComponents: []
  m_SourcePrefab: {fileID: 100100000, guid: 211ab963ba5624fed8544668543d1262, type: 3}
--- !u!4 &8286442188005467538 stripped
Transform:
  m_CorrespondingSourceObject: {fileID: 7162075601513669204, guid: 211ab963ba5624fed8544668543d1262,
    type: 3}
  m_PrefabInstance: {fileID: 1268773282590918598}
  m_PrefabAsset: {fileID: 0}
--- !u!1001 &1268773282666343365
PrefabInstance:
  m_ObjectHideFlags: 0
  serializedVersion: 2
  m_Modification:
    m_TransformParent: {fileID: 1268773282685844591}
    m_Modifications:
    - target: {fileID: 6941820856861179515, guid: 211ab963ba5624fed8544668543d1262,
        type: 3}
      propertyPath: m_Name
      value: CubePart (8)
      objectReference: {fileID: 0}
    - target: {fileID: 7162075601513669204, guid: 211ab963ba5624fed8544668543d1262,
        type: 3}
      propertyPath: m_LocalPosition.x
      value: -0.1
      objectReference: {fileID: 0}
    - target: {fileID: 7162075601513669204, guid: 211ab963ba5624fed8544668543d1262,
        type: 3}
      propertyPath: m_LocalPosition.y
      value: -0.1
      objectReference: {fileID: 0}
    - target: {fileID: 7162075601513669204, guid: 211ab963ba5624fed8544668543d1262,
        type: 3}
      propertyPath: m_LocalPosition.z
      value: -0.1
      objectReference: {fileID: 0}
    - target: {fileID: 7162075601513669204, guid: 211ab963ba5624fed8544668543d1262,
        type: 3}
      propertyPath: m_LocalRotation.x
      value: -0
      objectReference: {fileID: 0}
    - target: {fileID: 7162075601513669204, guid: 211ab963ba5624fed8544668543d1262,
        type: 3}
      propertyPath: m_LocalRotation.y
      value: -0
      objectReference: {fileID: 0}
    - target: {fileID: 7162075601513669204, guid: 211ab963ba5624fed8544668543d1262,
        type: 3}
      propertyPath: m_LocalRotation.z
      value: -0
      objectReference: {fileID: 0}
    - target: {fileID: 7162075601513669204, guid: 211ab963ba5624fed8544668543d1262,
        type: 3}
      propertyPath: m_LocalRotation.w
      value: 1
      objectReference: {fileID: 0}
    - target: {fileID: 7162075601513669204, guid: 211ab963ba5624fed8544668543d1262,
        type: 3}
      propertyPath: m_RootOrder
      value: 6
      objectReference: {fileID: 0}
    - target: {fileID: 7162075601513669204, guid: 211ab963ba5624fed8544668543d1262,
        type: 3}
      propertyPath: m_LocalEulerAnglesHint.x
      value: 0
      objectReference: {fileID: 0}
    - target: {fileID: 7162075601513669204, guid: 211ab963ba5624fed8544668543d1262,
        type: 3}
      propertyPath: m_LocalEulerAnglesHint.y
      value: 0
      objectReference: {fileID: 0}
    - target: {fileID: 7162075601513669204, guid: 211ab963ba5624fed8544668543d1262,
        type: 3}
      propertyPath: m_LocalEulerAnglesHint.z
      value: 0
      objectReference: {fileID: 0}
    - target: {fileID: 7162075601513669204, guid: 211ab963ba5624fed8544668543d1262,
        type: 3}
      propertyPath: m_LocalScale.x
      value: 0.1
      objectReference: {fileID: 0}
    - target: {fileID: 7162075601513669204, guid: 211ab963ba5624fed8544668543d1262,
        type: 3}
      propertyPath: m_LocalScale.y
      value: 0.1
      objectReference: {fileID: 0}
    - target: {fileID: 7162075601513669204, guid: 211ab963ba5624fed8544668543d1262,
        type: 3}
      propertyPath: m_LocalScale.z
      value: 0.1
      objectReference: {fileID: 0}
    m_RemovedComponents: []
  m_SourcePrefab: {fileID: 100100000, guid: 211ab963ba5624fed8544668543d1262, type: 3}
--- !u!4 &8286442188064393617 stripped
Transform:
  m_CorrespondingSourceObject: {fileID: 7162075601513669204, guid: 211ab963ba5624fed8544668543d1262,
    type: 3}
  m_PrefabInstance: {fileID: 1268773282666343365}
  m_PrefabAsset: {fileID: 0}
--- !u!1001 &1268773282726146045
PrefabInstance:
  m_ObjectHideFlags: 0
  serializedVersion: 2
  m_Modification:
    m_TransformParent: {fileID: 1268773282685844591}
    m_Modifications:
    - target: {fileID: 6941820856861179515, guid: 211ab963ba5624fed8544668543d1262,
        type: 3}
      propertyPath: m_Name
      value: CubePart (2)
      objectReference: {fileID: 0}
    - target: {fileID: 7162075601513669204, guid: 211ab963ba5624fed8544668543d1262,
        type: 3}
      propertyPath: m_LocalPosition.x
      value: 0.1
      objectReference: {fileID: 0}
    - target: {fileID: 7162075601513669204, guid: 211ab963ba5624fed8544668543d1262,
        type: 3}
      propertyPath: m_LocalPosition.y
      value: -0.1
      objectReference: {fileID: 0}
    - target: {fileID: 7162075601513669204, guid: 211ab963ba5624fed8544668543d1262,
        type: 3}
      propertyPath: m_LocalPosition.z
      value: 0.1
      objectReference: {fileID: 0}
    - target: {fileID: 7162075601513669204, guid: 211ab963ba5624fed8544668543d1262,
        type: 3}
      propertyPath: m_LocalRotation.x
      value: -0
      objectReference: {fileID: 0}
    - target: {fileID: 7162075601513669204, guid: 211ab963ba5624fed8544668543d1262,
        type: 3}
      propertyPath: m_LocalRotation.y
      value: -0
      objectReference: {fileID: 0}
    - target: {fileID: 7162075601513669204, guid: 211ab963ba5624fed8544668543d1262,
        type: 3}
      propertyPath: m_LocalRotation.z
      value: -0
      objectReference: {fileID: 0}
    - target: {fileID: 7162075601513669204, guid: 211ab963ba5624fed8544668543d1262,
        type: 3}
      propertyPath: m_LocalRotation.w
      value: 1
      objectReference: {fileID: 0}
    - target: {fileID: 7162075601513669204, guid: 211ab963ba5624fed8544668543d1262,
        type: 3}
      propertyPath: m_RootOrder
      value: 2
      objectReference: {fileID: 0}
    - target: {fileID: 7162075601513669204, guid: 211ab963ba5624fed8544668543d1262,
        type: 3}
      propertyPath: m_LocalEulerAnglesHint.x
      value: 0
      objectReference: {fileID: 0}
    - target: {fileID: 7162075601513669204, guid: 211ab963ba5624fed8544668543d1262,
        type: 3}
      propertyPath: m_LocalEulerAnglesHint.y
      value: 0
      objectReference: {fileID: 0}
    - target: {fileID: 7162075601513669204, guid: 211ab963ba5624fed8544668543d1262,
        type: 3}
      propertyPath: m_LocalEulerAnglesHint.z
      value: 0
      objectReference: {fileID: 0}
    - target: {fileID: 7162075601513669204, guid: 211ab963ba5624fed8544668543d1262,
        type: 3}
      propertyPath: m_LocalScale.x
      value: 0.1
      objectReference: {fileID: 0}
    - target: {fileID: 7162075601513669204, guid: 211ab963ba5624fed8544668543d1262,
        type: 3}
      propertyPath: m_LocalScale.y
      value: 0.1
      objectReference: {fileID: 0}
    - target: {fileID: 7162075601513669204, guid: 211ab963ba5624fed8544668543d1262,
        type: 3}
      propertyPath: m_LocalScale.z
      value: 0.1
      objectReference: {fileID: 0}
    m_RemovedComponents: []
  m_SourcePrefab: {fileID: 100100000, guid: 211ab963ba5624fed8544668543d1262, type: 3}
--- !u!4 &8286442187601939881 stripped
Transform:
  m_CorrespondingSourceObject: {fileID: 7162075601513669204, guid: 211ab963ba5624fed8544668543d1262,
    type: 3}
  m_PrefabInstance: {fileID: 1268773282726146045}
  m_PrefabAsset: {fileID: 0}
--- !u!1001 &1268773282798112305
PrefabInstance:
  m_ObjectHideFlags: 0
  serializedVersion: 2
  m_Modification:
    m_TransformParent: {fileID: 1268773282685844591}
    m_Modifications:
    - target: {fileID: 6941820856861179515, guid: 211ab963ba5624fed8544668543d1262,
        type: 3}
      propertyPath: m_Name
      value: CubePart (1)
      objectReference: {fileID: 0}
    - target: {fileID: 7162075601513669204, guid: 211ab963ba5624fed8544668543d1262,
        type: 3}
      propertyPath: m_LocalPosition.x
      value: 0
      objectReference: {fileID: 0}
    - target: {fileID: 7162075601513669204, guid: 211ab963ba5624fed8544668543d1262,
        type: 3}
      propertyPath: m_LocalPosition.y
      value: -0.1
      objectReference: {fileID: 0}
    - target: {fileID: 7162075601513669204, guid: 211ab963ba5624fed8544668543d1262,
        type: 3}
      propertyPath: m_LocalPosition.z
      value: 0.1
      objectReference: {fileID: 0}
    - target: {fileID: 7162075601513669204, guid: 211ab963ba5624fed8544668543d1262,
        type: 3}
      propertyPath: m_LocalRotation.x
      value: -0
      objectReference: {fileID: 0}
    - target: {fileID: 7162075601513669204, guid: 211ab963ba5624fed8544668543d1262,
        type: 3}
      propertyPath: m_LocalRotation.y
      value: -0
      objectReference: {fileID: 0}
    - target: {fileID: 7162075601513669204, guid: 211ab963ba5624fed8544668543d1262,
        type: 3}
      propertyPath: m_LocalRotation.z
      value: -0
      objectReference: {fileID: 0}
    - target: {fileID: 7162075601513669204, guid: 211ab963ba5624fed8544668543d1262,
        type: 3}
      propertyPath: m_LocalRotation.w
      value: 1
      objectReference: {fileID: 0}
    - target: {fileID: 7162075601513669204, guid: 211ab963ba5624fed8544668543d1262,
        type: 3}
      propertyPath: m_RootOrder
      value: 1
      objectReference: {fileID: 0}
    - target: {fileID: 7162075601513669204, guid: 211ab963ba5624fed8544668543d1262,
        type: 3}
      propertyPath: m_LocalEulerAnglesHint.x
      value: 0
      objectReference: {fileID: 0}
    - target: {fileID: 7162075601513669204, guid: 211ab963ba5624fed8544668543d1262,
        type: 3}
      propertyPath: m_LocalEulerAnglesHint.y
      value: 0
      objectReference: {fileID: 0}
    - target: {fileID: 7162075601513669204, guid: 211ab963ba5624fed8544668543d1262,
        type: 3}
      propertyPath: m_LocalEulerAnglesHint.z
      value: 0
      objectReference: {fileID: 0}
    - target: {fileID: 7162075601513669204, guid: 211ab963ba5624fed8544668543d1262,
        type: 3}
      propertyPath: m_LocalScale.x
      value: 0.1
      objectReference: {fileID: 0}
    - target: {fileID: 7162075601513669204, guid: 211ab963ba5624fed8544668543d1262,
        type: 3}
      propertyPath: m_LocalScale.y
      value: 0.1
      objectReference: {fileID: 0}
    - target: {fileID: 7162075601513669204, guid: 211ab963ba5624fed8544668543d1262,
        type: 3}
      propertyPath: m_LocalScale.z
      value: 0.1
      objectReference: {fileID: 0}
    m_RemovedComponents: []
  m_SourcePrefab: {fileID: 100100000, guid: 211ab963ba5624fed8544668543d1262, type: 3}
--- !u!4 &8286442187655670885 stripped
Transform:
  m_CorrespondingSourceObject: {fileID: 7162075601513669204, guid: 211ab963ba5624fed8544668543d1262,
    type: 3}
  m_PrefabInstance: {fileID: 1268773282798112305}
  m_PrefabAsset: {fileID: 0}
--- !u!1001 &1268773282801496386
PrefabInstance:
  m_ObjectHideFlags: 0
  serializedVersion: 2
  m_Modification:
    m_TransformParent: {fileID: 1268773282685844591}
    m_Modifications:
    - target: {fileID: 6941820856861179515, guid: 211ab963ba5624fed8544668543d1262,
        type: 3}
      propertyPath: m_Name
      value: CubePart (25)
      objectReference: {fileID: 0}
    - target: {fileID: 7162075601513669204, guid: 211ab963ba5624fed8544668543d1262,
        type: 3}
      propertyPath: m_LocalPosition.x
      value: 0
      objectReference: {fileID: 0}
    - target: {fileID: 7162075601513669204, guid: 211ab963ba5624fed8544668543d1262,
        type: 3}
      propertyPath: m_LocalPosition.y
      value: 0.1
      objectReference: {fileID: 0}
    - target: {fileID: 7162075601513669204, guid: 211ab963ba5624fed8544668543d1262,
        type: 3}
      propertyPath: m_LocalPosition.z
      value: 0.1
      objectReference: {fileID: 0}
    - target: {fileID: 7162075601513669204, guid: 211ab963ba5624fed8544668543d1262,
        type: 3}
      propertyPath: m_LocalRotation.x
      value: -0
      objectReference: {fileID: 0}
    - target: {fileID: 7162075601513669204, guid: 211ab963ba5624fed8544668543d1262,
        type: 3}
      propertyPath: m_LocalRotation.y
      value: -0
      objectReference: {fileID: 0}
    - target: {fileID: 7162075601513669204, guid: 211ab963ba5624fed8544668543d1262,
        type: 3}
      propertyPath: m_LocalRotation.z
      value: -0
      objectReference: {fileID: 0}
    - target: {fileID: 7162075601513669204, guid: 211ab963ba5624fed8544668543d1262,
        type: 3}
      propertyPath: m_LocalRotation.w
      value: 1
      objectReference: {fileID: 0}
    - target: {fileID: 7162075601513669204, guid: 211ab963ba5624fed8544668543d1262,
        type: 3}
      propertyPath: m_RootOrder
      value: 19
      objectReference: {fileID: 0}
    - target: {fileID: 7162075601513669204, guid: 211ab963ba5624fed8544668543d1262,
        type: 3}
      propertyPath: m_LocalEulerAnglesHint.x
      value: 0
      objectReference: {fileID: 0}
    - target: {fileID: 7162075601513669204, guid: 211ab963ba5624fed8544668543d1262,
        type: 3}
      propertyPath: m_LocalEulerAnglesHint.y
      value: 0
      objectReference: {fileID: 0}
    - target: {fileID: 7162075601513669204, guid: 211ab963ba5624fed8544668543d1262,
        type: 3}
      propertyPath: m_LocalEulerAnglesHint.z
      value: 0
      objectReference: {fileID: 0}
    - target: {fileID: 7162075601513669204, guid: 211ab963ba5624fed8544668543d1262,
        type: 3}
      propertyPath: m_LocalScale.x
      value: 0.1
      objectReference: {fileID: 0}
    - target: {fileID: 7162075601513669204, guid: 211ab963ba5624fed8544668543d1262,
        type: 3}
      propertyPath: m_LocalScale.y
      value: 0.1
      objectReference: {fileID: 0}
    - target: {fileID: 7162075601513669204, guid: 211ab963ba5624fed8544668543d1262,
        type: 3}
      propertyPath: m_LocalScale.z
      value: 0.1
      objectReference: {fileID: 0}
    m_RemovedComponents: []
  m_SourcePrefab: {fileID: 100100000, guid: 211ab963ba5624fed8544668543d1262, type: 3}
--- !u!4 &8286442187660808982 stripped
Transform:
  m_CorrespondingSourceObject: {fileID: 7162075601513669204, guid: 211ab963ba5624fed8544668543d1262,
    type: 3}
  m_PrefabInstance: {fileID: 1268773282801496386}
  m_PrefabAsset: {fileID: 0}
--- !u!1001 &1268773283001544930
PrefabInstance:
  m_ObjectHideFlags: 0
  serializedVersion: 2
  m_Modification:
    m_TransformParent: {fileID: 1268773282685844591}
    m_Modifications:
    - target: {fileID: 6941820856861179515, guid: 211ab963ba5624fed8544668543d1262,
        type: 3}
      propertyPath: m_Name
      value: CubePart (21)
      objectReference: {fileID: 0}
    - target: {fileID: 7162075601513669204, guid: 211ab963ba5624fed8544668543d1262,
        type: 3}
      propertyPath: m_LocalPosition.x
      value: -0.1
      objectReference: {fileID: 0}
    - target: {fileID: 7162075601513669204, guid: 211ab963ba5624fed8544668543d1262,
        type: 3}
      propertyPath: m_LocalPosition.y
      value: 0.1
      objectReference: {fileID: 0}
    - target: {fileID: 7162075601513669204, guid: 211ab963ba5624fed8544668543d1262,
        type: 3}
      propertyPath: m_LocalPosition.z
      value: -0.1
      objectReference: {fileID: 0}
    - target: {fileID: 7162075601513669204, guid: 211ab963ba5624fed8544668543d1262,
        type: 3}
      propertyPath: m_LocalRotation.x
      value: -0
      objectReference: {fileID: 0}
    - target: {fileID: 7162075601513669204, guid: 211ab963ba5624fed8544668543d1262,
        type: 3}
      propertyPath: m_LocalRotation.y
      value: -0
      objectReference: {fileID: 0}
    - target: {fileID: 7162075601513669204, guid: 211ab963ba5624fed8544668543d1262,
        type: 3}
      propertyPath: m_LocalRotation.z
      value: -0
      objectReference: {fileID: 0}
    - target: {fileID: 7162075601513669204, guid: 211ab963ba5624fed8544668543d1262,
        type: 3}
      propertyPath: m_LocalRotation.w
      value: 1
      objectReference: {fileID: 0}
    - target: {fileID: 7162075601513669204, guid: 211ab963ba5624fed8544668543d1262,
        type: 3}
      propertyPath: m_RootOrder
      value: 24
      objectReference: {fileID: 0}
    - target: {fileID: 7162075601513669204, guid: 211ab963ba5624fed8544668543d1262,
        type: 3}
      propertyPath: m_LocalEulerAnglesHint.x
      value: 0
      objectReference: {fileID: 0}
    - target: {fileID: 7162075601513669204, guid: 211ab963ba5624fed8544668543d1262,
        type: 3}
      propertyPath: m_LocalEulerAnglesHint.y
      value: 0
      objectReference: {fileID: 0}
    - target: {fileID: 7162075601513669204, guid: 211ab963ba5624fed8544668543d1262,
        type: 3}
      propertyPath: m_LocalEulerAnglesHint.z
      value: 0
      objectReference: {fileID: 0}
    - target: {fileID: 7162075601513669204, guid: 211ab963ba5624fed8544668543d1262,
        type: 3}
      propertyPath: m_LocalScale.x
      value: 0.1
      objectReference: {fileID: 0}
    - target: {fileID: 7162075601513669204, guid: 211ab963ba5624fed8544668543d1262,
        type: 3}
      propertyPath: m_LocalScale.y
      value: 0.1
      objectReference: {fileID: 0}
    - target: {fileID: 7162075601513669204, guid: 211ab963ba5624fed8544668543d1262,
        type: 3}
      propertyPath: m_LocalScale.z
      value: 0.1
      objectReference: {fileID: 0}
    m_RemovedComponents: []
  m_SourcePrefab: {fileID: 100100000, guid: 211ab963ba5624fed8544668543d1262, type: 3}
--- !u!4 &8286442187326411446 stripped
Transform:
  m_CorrespondingSourceObject: {fileID: 7162075601513669204, guid: 211ab963ba5624fed8544668543d1262,
    type: 3}
  m_PrefabInstance: {fileID: 1268773283001544930}
  m_PrefabAsset: {fileID: 0}
--- !u!1001 &1268773283042510274
PrefabInstance:
  m_ObjectHideFlags: 0
  serializedVersion: 2
  m_Modification:
    m_TransformParent: {fileID: 1268773282685844591}
    m_Modifications:
    - target: {fileID: 6941820856861179515, guid: 211ab963ba5624fed8544668543d1262,
        type: 3}
      propertyPath: m_Name
      value: CubePart (16)
      objectReference: {fileID: 0}
    - target: {fileID: 7162075601513669204, guid: 211ab963ba5624fed8544668543d1262,
        type: 3}
      propertyPath: m_LocalPosition.x
      value: 0
      objectReference: {fileID: 0}
    - target: {fileID: 7162075601513669204, guid: 211ab963ba5624fed8544668543d1262,
        type: 3}
      propertyPath: m_LocalPosition.y
      value: 0
      objectReference: {fileID: 0}
    - target: {fileID: 7162075601513669204, guid: 211ab963ba5624fed8544668543d1262,
        type: 3}
      propertyPath: m_LocalPosition.z
      value: 0
      objectReference: {fileID: 0}
    - target: {fileID: 7162075601513669204, guid: 211ab963ba5624fed8544668543d1262,
        type: 3}
      propertyPath: m_LocalRotation.x
      value: -0
      objectReference: {fileID: 0}
    - target: {fileID: 7162075601513669204, guid: 211ab963ba5624fed8544668543d1262,
        type: 3}
      propertyPath: m_LocalRotation.y
      value: -0
      objectReference: {fileID: 0}
    - target: {fileID: 7162075601513669204, guid: 211ab963ba5624fed8544668543d1262,
        type: 3}
      propertyPath: m_LocalRotation.z
      value: -0
      objectReference: {fileID: 0}
    - target: {fileID: 7162075601513669204, guid: 211ab963ba5624fed8544668543d1262,
        type: 3}
      propertyPath: m_LocalRotation.w
      value: 1
      objectReference: {fileID: 0}
    - target: {fileID: 7162075601513669204, guid: 211ab963ba5624fed8544668543d1262,
        type: 3}
      propertyPath: m_RootOrder
      value: 13
      objectReference: {fileID: 0}
    - target: {fileID: 7162075601513669204, guid: 211ab963ba5624fed8544668543d1262,
        type: 3}
      propertyPath: m_LocalEulerAnglesHint.x
      value: 0
      objectReference: {fileID: 0}
    - target: {fileID: 7162075601513669204, guid: 211ab963ba5624fed8544668543d1262,
        type: 3}
      propertyPath: m_LocalEulerAnglesHint.y
      value: 0
      objectReference: {fileID: 0}
    - target: {fileID: 7162075601513669204, guid: 211ab963ba5624fed8544668543d1262,
        type: 3}
      propertyPath: m_LocalEulerAnglesHint.z
      value: 0
      objectReference: {fileID: 0}
    - target: {fileID: 7162075601513669204, guid: 211ab963ba5624fed8544668543d1262,
        type: 3}
      propertyPath: m_LocalScale.x
      value: 0.1
      objectReference: {fileID: 0}
    - target: {fileID: 7162075601513669204, guid: 211ab963ba5624fed8544668543d1262,
        type: 3}
      propertyPath: m_LocalScale.y
      value: 0.1
      objectReference: {fileID: 0}
    - target: {fileID: 7162075601513669204, guid: 211ab963ba5624fed8544668543d1262,
        type: 3}
      propertyPath: m_LocalScale.z
      value: 0.1
      objectReference: {fileID: 0}
    m_RemovedComponents: []
  m_SourcePrefab: {fileID: 100100000, guid: 211ab963ba5624fed8544668543d1262, type: 3}
--- !u!4 &8286442187386234774 stripped
Transform:
  m_CorrespondingSourceObject: {fileID: 7162075601513669204, guid: 211ab963ba5624fed8544668543d1262,
    type: 3}
  m_PrefabInstance: {fileID: 1268773283042510274}
  m_PrefabAsset: {fileID: 0}
--- !u!1001 &1268773283273413314
PrefabInstance:
  m_ObjectHideFlags: 0
  serializedVersion: 2
  m_Modification:
    m_TransformParent: {fileID: 1268773282685844591}
    m_Modifications:
    - target: {fileID: 6941820856861179515, guid: 211ab963ba5624fed8544668543d1262,
        type: 3}
      propertyPath: m_Name
      value: CubePart (12)
      objectReference: {fileID: 0}
    - target: {fileID: 7162075601513669204, guid: 211ab963ba5624fed8544668543d1262,
        type: 3}
      propertyPath: m_LocalPosition.x
      value: 0.1
      objectReference: {fileID: 0}
    - target: {fileID: 7162075601513669204, guid: 211ab963ba5624fed8544668543d1262,
        type: 3}
      propertyPath: m_LocalPosition.y
      value: 0
      objectReference: {fileID: 0}
    - target: {fileID: 7162075601513669204, guid: 211ab963ba5624fed8544668543d1262,
        type: 3}
      propertyPath: m_LocalPosition.z
      value: 0
      objectReference: {fileID: 0}
    - target: {fileID: 7162075601513669204, guid: 211ab963ba5624fed8544668543d1262,
        type: 3}
      propertyPath: m_LocalRotation.x
      value: -0
      objectReference: {fileID: 0}
    - target: {fileID: 7162075601513669204, guid: 211ab963ba5624fed8544668543d1262,
        type: 3}
      propertyPath: m_LocalRotation.y
      value: -0
      objectReference: {fileID: 0}
    - target: {fileID: 7162075601513669204, guid: 211ab963ba5624fed8544668543d1262,
        type: 3}
      propertyPath: m_LocalRotation.z
      value: -0
      objectReference: {fileID: 0}
    - target: {fileID: 7162075601513669204, guid: 211ab963ba5624fed8544668543d1262,
        type: 3}
      propertyPath: m_LocalRotation.w
      value: 1
      objectReference: {fileID: 0}
    - target: {fileID: 7162075601513669204, guid: 211ab963ba5624fed8544668543d1262,
        type: 3}
      propertyPath: m_RootOrder
      value: 14
      objectReference: {fileID: 0}
    - target: {fileID: 7162075601513669204, guid: 211ab963ba5624fed8544668543d1262,
        type: 3}
      propertyPath: m_LocalEulerAnglesHint.x
      value: 0
      objectReference: {fileID: 0}
    - target: {fileID: 7162075601513669204, guid: 211ab963ba5624fed8544668543d1262,
        type: 3}
      propertyPath: m_LocalEulerAnglesHint.y
      value: 0
      objectReference: {fileID: 0}
    - target: {fileID: 7162075601513669204, guid: 211ab963ba5624fed8544668543d1262,
        type: 3}
      propertyPath: m_LocalEulerAnglesHint.z
      value: 0
      objectReference: {fileID: 0}
    - target: {fileID: 7162075601513669204, guid: 211ab963ba5624fed8544668543d1262,
        type: 3}
      propertyPath: m_LocalScale.x
      value: 0.1
      objectReference: {fileID: 0}
    - target: {fileID: 7162075601513669204, guid: 211ab963ba5624fed8544668543d1262,
        type: 3}
      propertyPath: m_LocalScale.y
      value: 0.1
      objectReference: {fileID: 0}
    - target: {fileID: 7162075601513669204, guid: 211ab963ba5624fed8544668543d1262,
        type: 3}
      propertyPath: m_LocalScale.z
      value: 0.1
      objectReference: {fileID: 0}
    m_RemovedComponents: []
  m_SourcePrefab: {fileID: 100100000, guid: 211ab963ba5624fed8544668543d1262, type: 3}
--- !u!4 &8286442187012599958 stripped
Transform:
  m_CorrespondingSourceObject: {fileID: 7162075601513669204, guid: 211ab963ba5624fed8544668543d1262,
    type: 3}
  m_PrefabInstance: {fileID: 1268773283273413314}
  m_PrefabAsset: {fileID: 0}
--- !u!1001 &1268773283470005405
PrefabInstance:
  m_ObjectHideFlags: 0
  serializedVersion: 2
  m_Modification:
    m_TransformParent: {fileID: 1268773282685844591}
    m_Modifications:
    - target: {fileID: 6941820856861179515, guid: 211ab963ba5624fed8544668543d1262,
        type: 3}
      propertyPath: m_Name
      value: CubePart (22)
      objectReference: {fileID: 0}
    - target: {fileID: 7162075601513669204, guid: 211ab963ba5624fed8544668543d1262,
        type: 3}
      propertyPath: m_LocalPosition.x
      value: 0.1
      objectReference: {fileID: 0}
    - target: {fileID: 7162075601513669204, guid: 211ab963ba5624fed8544668543d1262,
        type: 3}
      propertyPath: m_LocalPosition.y
      value: 0.1
      objectReference: {fileID: 0}
    - target: {fileID: 7162075601513669204, guid: 211ab963ba5624fed8544668543d1262,
        type: 3}
      propertyPath: m_LocalPosition.z
      value: 0
      objectReference: {fileID: 0}
    - target: {fileID: 7162075601513669204, guid: 211ab963ba5624fed8544668543d1262,
        type: 3}
      propertyPath: m_LocalRotation.x
      value: -0
      objectReference: {fileID: 0}
    - target: {fileID: 7162075601513669204, guid: 211ab963ba5624fed8544668543d1262,
        type: 3}
      propertyPath: m_LocalRotation.y
      value: -0
      objectReference: {fileID: 0}
    - target: {fileID: 7162075601513669204, guid: 211ab963ba5624fed8544668543d1262,
        type: 3}
      propertyPath: m_LocalRotation.z
      value: -0
      objectReference: {fileID: 0}
    - target: {fileID: 7162075601513669204, guid: 211ab963ba5624fed8544668543d1262,
        type: 3}
      propertyPath: m_LocalRotation.w
      value: 1
      objectReference: {fileID: 0}
    - target: {fileID: 7162075601513669204, guid: 211ab963ba5624fed8544668543d1262,
        type: 3}
      propertyPath: m_RootOrder
      value: 23
      objectReference: {fileID: 0}
    - target: {fileID: 7162075601513669204, guid: 211ab963ba5624fed8544668543d1262,
        type: 3}
      propertyPath: m_LocalEulerAnglesHint.x
      value: 0
      objectReference: {fileID: 0}
    - target: {fileID: 7162075601513669204, guid: 211ab963ba5624fed8544668543d1262,
        type: 3}
      propertyPath: m_LocalEulerAnglesHint.y
      value: 0
      objectReference: {fileID: 0}
    - target: {fileID: 7162075601513669204, guid: 211ab963ba5624fed8544668543d1262,
        type: 3}
      propertyPath: m_LocalEulerAnglesHint.z
      value: 0
      objectReference: {fileID: 0}
    - target: {fileID: 7162075601513669204, guid: 211ab963ba5624fed8544668543d1262,
        type: 3}
      propertyPath: m_LocalScale.x
      value: 0.1
      objectReference: {fileID: 0}
    - target: {fileID: 7162075601513669204, guid: 211ab963ba5624fed8544668543d1262,
        type: 3}
      propertyPath: m_LocalScale.y
      value: 0.1
      objectReference: {fileID: 0}
    - target: {fileID: 7162075601513669204, guid: 211ab963ba5624fed8544668543d1262,
        type: 3}
      propertyPath: m_LocalScale.z
      value: 0.1
      objectReference: {fileID: 0}
    m_RemovedComponents: []
  m_SourcePrefab: {fileID: 100100000, guid: 211ab963ba5624fed8544668543d1262, type: 3}
--- !u!4 &8286442187253266121 stripped
Transform:
  m_CorrespondingSourceObject: {fileID: 7162075601513669204, guid: 211ab963ba5624fed8544668543d1262,
    type: 3}
  m_PrefabInstance: {fileID: 1268773283470005405}
  m_PrefabAsset: {fileID: 0}
--- !u!1001 &1268773283485815204
PrefabInstance:
  m_ObjectHideFlags: 0
  serializedVersion: 2
  m_Modification:
    m_TransformParent: {fileID: 1268773282685844591}
    m_Modifications:
    - target: {fileID: 6941820856861179515, guid: 211ab963ba5624fed8544668543d1262,
        type: 3}
      propertyPath: m_Name
      value: CubePart (15)
      objectReference: {fileID: 0}
    - target: {fileID: 7162075601513669204, guid: 211ab963ba5624fed8544668543d1262,
        type: 3}
      propertyPath: m_LocalPosition.x
      value: -0.1
      objectReference: {fileID: 0}
    - target: {fileID: 7162075601513669204, guid: 211ab963ba5624fed8544668543d1262,
        type: 3}
      propertyPath: m_LocalPosition.y
      value: 0
      objectReference: {fileID: 0}
    - target: {fileID: 7162075601513669204, guid: 211ab963ba5624fed8544668543d1262,
        type: 3}
      propertyPath: m_LocalPosition.z
      value: -0.1
      objectReference: {fileID: 0}
    - target: {fileID: 7162075601513669204, guid: 211ab963ba5624fed8544668543d1262,
        type: 3}
      propertyPath: m_LocalRotation.x
      value: -0
      objectReference: {fileID: 0}
    - target: {fileID: 7162075601513669204, guid: 211ab963ba5624fed8544668543d1262,
        type: 3}
      propertyPath: m_LocalRotation.y
      value: -0
      objectReference: {fileID: 0}
    - target: {fileID: 7162075601513669204, guid: 211ab963ba5624fed8544668543d1262,
        type: 3}
      propertyPath: m_LocalRotation.z
      value: -0
      objectReference: {fileID: 0}
    - target: {fileID: 7162075601513669204, guid: 211ab963ba5624fed8544668543d1262,
        type: 3}
      propertyPath: m_LocalRotation.w
      value: 1
      objectReference: {fileID: 0}
    - target: {fileID: 7162075601513669204, guid: 211ab963ba5624fed8544668543d1262,
        type: 3}
      propertyPath: m_RootOrder
      value: 15
      objectReference: {fileID: 0}
    - target: {fileID: 7162075601513669204, guid: 211ab963ba5624fed8544668543d1262,
        type: 3}
      propertyPath: m_LocalEulerAnglesHint.x
      value: 0
      objectReference: {fileID: 0}
    - target: {fileID: 7162075601513669204, guid: 211ab963ba5624fed8544668543d1262,
        type: 3}
      propertyPath: m_LocalEulerAnglesHint.y
      value: 0
      objectReference: {fileID: 0}
    - target: {fileID: 7162075601513669204, guid: 211ab963ba5624fed8544668543d1262,
        type: 3}
      propertyPath: m_LocalEulerAnglesHint.z
      value: 0
      objectReference: {fileID: 0}
    - target: {fileID: 7162075601513669204, guid: 211ab963ba5624fed8544668543d1262,
        type: 3}
      propertyPath: m_LocalScale.x
      value: 0.1
      objectReference: {fileID: 0}
    - target: {fileID: 7162075601513669204, guid: 211ab963ba5624fed8544668543d1262,
        type: 3}
      propertyPath: m_LocalScale.y
      value: 0.1
      objectReference: {fileID: 0}
    - target: {fileID: 7162075601513669204, guid: 211ab963ba5624fed8544668543d1262,
        type: 3}
      propertyPath: m_LocalScale.z
      value: 0.1
      objectReference: {fileID: 0}
    m_RemovedComponents: []
  m_SourcePrefab: {fileID: 100100000, guid: 211ab963ba5624fed8544668543d1262, type: 3}
--- !u!4 &8286442187204031472 stripped
Transform:
  m_CorrespondingSourceObject: {fileID: 7162075601513669204, guid: 211ab963ba5624fed8544668543d1262,
    type: 3}
  m_PrefabInstance: {fileID: 1268773283485815204}
  m_PrefabAsset: {fileID: 0}
--- !u!1001 &1268773283616996332
PrefabInstance:
  m_ObjectHideFlags: 0
  serializedVersion: 2
  m_Modification:
    m_TransformParent: {fileID: 1268773282685844591}
    m_Modifications:
    - target: {fileID: 6941820856861179515, guid: 211ab963ba5624fed8544668543d1262,
        type: 3}
      propertyPath: m_Name
      value: CubePart (24)
      objectReference: {fileID: 0}
    - target: {fileID: 7162075601513669204, guid: 211ab963ba5624fed8544668543d1262,
        type: 3}
      propertyPath: m_LocalPosition.x
      value: 0.1
      objectReference: {fileID: 0}
    - target: {fileID: 7162075601513669204, guid: 211ab963ba5624fed8544668543d1262,
        type: 3}
      propertyPath: m_LocalPosition.y
      value: 0.1
      objectReference: {fileID: 0}
    - target: {fileID: 7162075601513669204, guid: 211ab963ba5624fed8544668543d1262,
        type: 3}
      propertyPath: m_LocalPosition.z
      value: 0.1
      objectReference: {fileID: 0}
    - target: {fileID: 7162075601513669204, guid: 211ab963ba5624fed8544668543d1262,
        type: 3}
      propertyPath: m_LocalRotation.x
      value: -0
      objectReference: {fileID: 0}
    - target: {fileID: 7162075601513669204, guid: 211ab963ba5624fed8544668543d1262,
        type: 3}
      propertyPath: m_LocalRotation.y
      value: -0
      objectReference: {fileID: 0}
    - target: {fileID: 7162075601513669204, guid: 211ab963ba5624fed8544668543d1262,
        type: 3}
      propertyPath: m_LocalRotation.z
      value: -0
      objectReference: {fileID: 0}
    - target: {fileID: 7162075601513669204, guid: 211ab963ba5624fed8544668543d1262,
        type: 3}
      propertyPath: m_LocalRotation.w
      value: 1
      objectReference: {fileID: 0}
    - target: {fileID: 7162075601513669204, guid: 211ab963ba5624fed8544668543d1262,
        type: 3}
      propertyPath: m_RootOrder
      value: 20
      objectReference: {fileID: 0}
    - target: {fileID: 7162075601513669204, guid: 211ab963ba5624fed8544668543d1262,
        type: 3}
      propertyPath: m_LocalEulerAnglesHint.x
      value: 0
      objectReference: {fileID: 0}
    - target: {fileID: 7162075601513669204, guid: 211ab963ba5624fed8544668543d1262,
        type: 3}
      propertyPath: m_LocalEulerAnglesHint.y
      value: 0
      objectReference: {fileID: 0}
    - target: {fileID: 7162075601513669204, guid: 211ab963ba5624fed8544668543d1262,
        type: 3}
      propertyPath: m_LocalEulerAnglesHint.z
      value: 0
      objectReference: {fileID: 0}
    - target: {fileID: 7162075601513669204, guid: 211ab963ba5624fed8544668543d1262,
        type: 3}
      propertyPath: m_LocalScale.x
      value: 0.1
      objectReference: {fileID: 0}
    - target: {fileID: 7162075601513669204, guid: 211ab963ba5624fed8544668543d1262,
        type: 3}
      propertyPath: m_LocalScale.y
      value: 0.1
      objectReference: {fileID: 0}
    - target: {fileID: 7162075601513669204, guid: 211ab963ba5624fed8544668543d1262,
        type: 3}
      propertyPath: m_LocalScale.z
      value: 0.1
      objectReference: {fileID: 0}
    m_RemovedComponents: []
  m_SourcePrefab: {fileID: 100100000, guid: 211ab963ba5624fed8544668543d1262, type: 3}
--- !u!4 &8286442188960291256 stripped
Transform:
  m_CorrespondingSourceObject: {fileID: 7162075601513669204, guid: 211ab963ba5624fed8544668543d1262,
    type: 3}
  m_PrefabInstance: {fileID: 1268773283616996332}
  m_PrefabAsset: {fileID: 0}
--- !u!1001 &1268773283700561680
PrefabInstance:
  m_ObjectHideFlags: 0
  serializedVersion: 2
  m_Modification:
    m_TransformParent: {fileID: 1268773282685844591}
    m_Modifications:
    - target: {fileID: 6941820856861179515, guid: 211ab963ba5624fed8544668543d1262,
        type: 3}
      propertyPath: m_Name
      value: CubePart
      objectReference: {fileID: 0}
    - target: {fileID: 7162075601513669204, guid: 211ab963ba5624fed8544668543d1262,
        type: 3}
      propertyPath: m_LocalPosition.x
      value: -0.1
      objectReference: {fileID: 0}
    - target: {fileID: 7162075601513669204, guid: 211ab963ba5624fed8544668543d1262,
        type: 3}
      propertyPath: m_LocalPosition.y
      value: -0.1
      objectReference: {fileID: 0}
    - target: {fileID: 7162075601513669204, guid: 211ab963ba5624fed8544668543d1262,
        type: 3}
      propertyPath: m_LocalPosition.z
      value: 0.1
      objectReference: {fileID: 0}
    - target: {fileID: 7162075601513669204, guid: 211ab963ba5624fed8544668543d1262,
        type: 3}
      propertyPath: m_LocalRotation.x
      value: -0
      objectReference: {fileID: 0}
    - target: {fileID: 7162075601513669204, guid: 211ab963ba5624fed8544668543d1262,
        type: 3}
      propertyPath: m_LocalRotation.y
      value: -0
      objectReference: {fileID: 0}
    - target: {fileID: 7162075601513669204, guid: 211ab963ba5624fed8544668543d1262,
        type: 3}
      propertyPath: m_LocalRotation.z
      value: -0
      objectReference: {fileID: 0}
    - target: {fileID: 7162075601513669204, guid: 211ab963ba5624fed8544668543d1262,
        type: 3}
      propertyPath: m_LocalRotation.w
      value: 1
      objectReference: {fileID: 0}
    - target: {fileID: 7162075601513669204, guid: 211ab963ba5624fed8544668543d1262,
        type: 3}
      propertyPath: m_RootOrder
      value: 0
      objectReference: {fileID: 0}
    - target: {fileID: 7162075601513669204, guid: 211ab963ba5624fed8544668543d1262,
        type: 3}
      propertyPath: m_LocalEulerAnglesHint.x
      value: 0
      objectReference: {fileID: 0}
    - target: {fileID: 7162075601513669204, guid: 211ab963ba5624fed8544668543d1262,
        type: 3}
      propertyPath: m_LocalEulerAnglesHint.y
      value: 0
      objectReference: {fileID: 0}
    - target: {fileID: 7162075601513669204, guid: 211ab963ba5624fed8544668543d1262,
        type: 3}
      propertyPath: m_LocalEulerAnglesHint.z
      value: 0
      objectReference: {fileID: 0}
    - target: {fileID: 7162075601513669204, guid: 211ab963ba5624fed8544668543d1262,
        type: 3}
      propertyPath: m_LocalScale.x
      value: 0.1
      objectReference: {fileID: 0}
    - target: {fileID: 7162075601513669204, guid: 211ab963ba5624fed8544668543d1262,
        type: 3}
      propertyPath: m_LocalScale.y
      value: 0.1
      objectReference: {fileID: 0}
    - target: {fileID: 7162075601513669204, guid: 211ab963ba5624fed8544668543d1262,
        type: 3}
      propertyPath: m_LocalScale.z
      value: 0.1
      objectReference: {fileID: 0}
    m_RemovedComponents: []
  m_SourcePrefab: {fileID: 100100000, guid: 211ab963ba5624fed8544668543d1262, type: 3}
--- !u!4 &8286442189044364612 stripped
Transform:
  m_CorrespondingSourceObject: {fileID: 7162075601513669204, guid: 211ab963ba5624fed8544668543d1262,
    type: 3}
  m_PrefabInstance: {fileID: 1268773283700561680}
  m_PrefabAsset: {fileID: 0}
--- !u!1001 &1268773283797535632
PrefabInstance:
  m_ObjectHideFlags: 0
  serializedVersion: 2
  m_Modification:
    m_TransformParent: {fileID: 1268773282685844591}
    m_Modifications:
    - target: {fileID: 6941820856861179515, guid: 211ab963ba5624fed8544668543d1262,
        type: 3}
      propertyPath: m_Name
      value: CubePart (26)
      objectReference: {fileID: 0}
    - target: {fileID: 7162075601513669204, guid: 211ab963ba5624fed8544668543d1262,
        type: 3}
      propertyPath: m_LocalPosition.x
      value: -0.1
      objectReference: {fileID: 0}
    - target: {fileID: 7162075601513669204, guid: 211ab963ba5624fed8544668543d1262,
        type: 3}
      propertyPath: m_LocalPosition.y
      value: 0.1
      objectReference: {fileID: 0}
    - target: {fileID: 7162075601513669204, guid: 211ab963ba5624fed8544668543d1262,
        type: 3}
      propertyPath: m_LocalPosition.z
      value: 0.1
      objectReference: {fileID: 0}
    - target: {fileID: 7162075601513669204, guid: 211ab963ba5624fed8544668543d1262,
        type: 3}
      propertyPath: m_LocalRotation.x
      value: -0
      objectReference: {fileID: 0}
    - target: {fileID: 7162075601513669204, guid: 211ab963ba5624fed8544668543d1262,
        type: 3}
      propertyPath: m_LocalRotation.y
      value: -0
      objectReference: {fileID: 0}
    - target: {fileID: 7162075601513669204, guid: 211ab963ba5624fed8544668543d1262,
        type: 3}
      propertyPath: m_LocalRotation.z
      value: -0
      objectReference: {fileID: 0}
    - target: {fileID: 7162075601513669204, guid: 211ab963ba5624fed8544668543d1262,
        type: 3}
      propertyPath: m_LocalRotation.w
      value: 1
      objectReference: {fileID: 0}
    - target: {fileID: 7162075601513669204, guid: 211ab963ba5624fed8544668543d1262,
        type: 3}
      propertyPath: m_RootOrder
      value: 18
      objectReference: {fileID: 0}
    - target: {fileID: 7162075601513669204, guid: 211ab963ba5624fed8544668543d1262,
        type: 3}
      propertyPath: m_LocalEulerAnglesHint.x
      value: 0
      objectReference: {fileID: 0}
    - target: {fileID: 7162075601513669204, guid: 211ab963ba5624fed8544668543d1262,
        type: 3}
      propertyPath: m_LocalEulerAnglesHint.y
      value: 0
      objectReference: {fileID: 0}
    - target: {fileID: 7162075601513669204, guid: 211ab963ba5624fed8544668543d1262,
        type: 3}
      propertyPath: m_LocalEulerAnglesHint.z
      value: 0
      objectReference: {fileID: 0}
    - target: {fileID: 7162075601513669204, guid: 211ab963ba5624fed8544668543d1262,
        type: 3}
      propertyPath: m_LocalScale.x
      value: 0.1
      objectReference: {fileID: 0}
    - target: {fileID: 7162075601513669204, guid: 211ab963ba5624fed8544668543d1262,
        type: 3}
      propertyPath: m_LocalScale.y
      value: 0.1
      objectReference: {fileID: 0}
    - target: {fileID: 7162075601513669204, guid: 211ab963ba5624fed8544668543d1262,
        type: 3}
      propertyPath: m_LocalScale.z
      value: 0.1
      objectReference: {fileID: 0}
    m_RemovedComponents: []
  m_SourcePrefab: {fileID: 100100000, guid: 211ab963ba5624fed8544668543d1262, type: 3}
--- !u!4 &8286442188677900740 stripped
Transform:
  m_CorrespondingSourceObject: {fileID: 7162075601513669204, guid: 211ab963ba5624fed8544668543d1262,
    type: 3}
  m_PrefabInstance: {fileID: 1268773283797535632}
  m_PrefabAsset: {fileID: 0}
--- !u!1001 &1268773283885867989
PrefabInstance:
  m_ObjectHideFlags: 0
  serializedVersion: 2
  m_Modification:
    m_TransformParent: {fileID: 1268773282685844591}
    m_Modifications:
    - target: {fileID: 6941820856861179515, guid: 211ab963ba5624fed8544668543d1262,
        type: 3}
      propertyPath: m_Name
      value: CubePart (4)
      objectReference: {fileID: 0}
    - target: {fileID: 7162075601513669204, guid: 211ab963ba5624fed8544668543d1262,
        type: 3}
      propertyPath: m_LocalPosition.x
      value: 0
      objectReference: {fileID: 0}
    - target: {fileID: 7162075601513669204, guid: 211ab963ba5624fed8544668543d1262,
        type: 3}
      propertyPath: m_LocalPosition.y
      value: -0.1
      objectReference: {fileID: 0}
    - target: {fileID: 7162075601513669204, guid: 211ab963ba5624fed8544668543d1262,
        type: 3}
      propertyPath: m_LocalPosition.z
      value: 0
      objectReference: {fileID: 0}
    - target: {fileID: 7162075601513669204, guid: 211ab963ba5624fed8544668543d1262,
        type: 3}
      propertyPath: m_LocalRotation.x
      value: -0
      objectReference: {fileID: 0}
    - target: {fileID: 7162075601513669204, guid: 211ab963ba5624fed8544668543d1262,
        type: 3}
      propertyPath: m_LocalRotation.y
      value: -0
      objectReference: {fileID: 0}
    - target: {fileID: 7162075601513669204, guid: 211ab963ba5624fed8544668543d1262,
        type: 3}
      propertyPath: m_LocalRotation.z
      value: -0
      objectReference: {fileID: 0}
    - target: {fileID: 7162075601513669204, guid: 211ab963ba5624fed8544668543d1262,
        type: 3}
      propertyPath: m_LocalRotation.w
      value: 1
      objectReference: {fileID: 0}
    - target: {fileID: 7162075601513669204, guid: 211ab963ba5624fed8544668543d1262,
        type: 3}
      propertyPath: m_RootOrder
      value: 4
      objectReference: {fileID: 0}
    - target: {fileID: 7162075601513669204, guid: 211ab963ba5624fed8544668543d1262,
        type: 3}
      propertyPath: m_LocalEulerAnglesHint.x
      value: 0
      objectReference: {fileID: 0}
    - target: {fileID: 7162075601513669204, guid: 211ab963ba5624fed8544668543d1262,
        type: 3}
      propertyPath: m_LocalEulerAnglesHint.y
      value: 0
      objectReference: {fileID: 0}
    - target: {fileID: 7162075601513669204, guid: 211ab963ba5624fed8544668543d1262,
        type: 3}
      propertyPath: m_LocalEulerAnglesHint.z
      value: 0
      objectReference: {fileID: 0}
    - target: {fileID: 7162075601513669204, guid: 211ab963ba5624fed8544668543d1262,
        type: 3}
      propertyPath: m_LocalScale.x
      value: 0.1
      objectReference: {fileID: 0}
    - target: {fileID: 7162075601513669204, guid: 211ab963ba5624fed8544668543d1262,
        type: 3}
      propertyPath: m_LocalScale.y
      value: 0.1
      objectReference: {fileID: 0}
    - target: {fileID: 7162075601513669204, guid: 211ab963ba5624fed8544668543d1262,
        type: 3}
      propertyPath: m_LocalScale.z
      value: 0.1
      objectReference: {fileID: 0}
    m_RemovedComponents: []
  m_SourcePrefab: {fileID: 100100000, guid: 211ab963ba5624fed8544668543d1262, type: 3}
--- !u!4 &8286442188681970049 stripped
Transform:
  m_CorrespondingSourceObject: {fileID: 7162075601513669204, guid: 211ab963ba5624fed8544668543d1262,
    type: 3}
  m_PrefabInstance: {fileID: 1268773283885867989}
  m_PrefabAsset: {fileID: 0}
--- !u!1001 &1268773284011375760
PrefabInstance:
  m_ObjectHideFlags: 0
  serializedVersion: 2
  m_Modification:
    m_TransformParent: {fileID: 1268773282685844591}
    m_Modifications:
    - target: {fileID: 6941820856861179515, guid: 211ab963ba5624fed8544668543d1262,
        type: 3}
      propertyPath: m_Name
      value: CubePart (5)
      objectReference: {fileID: 0}
    - target: {fileID: 7162075601513669204, guid: 211ab963ba5624fed8544668543d1262,
        type: 3}
      propertyPath: m_LocalPosition.x
      value: 0.1
      objectReference: {fileID: 0}
    - target: {fileID: 7162075601513669204, guid: 211ab963ba5624fed8544668543d1262,
        type: 3}
      propertyPath: m_LocalPosition.y
      value: -0.1
      objectReference: {fileID: 0}
    - target: {fileID: 7162075601513669204, guid: 211ab963ba5624fed8544668543d1262,
        type: 3}
      propertyPath: m_LocalPosition.z
      value: 0
      objectReference: {fileID: 0}
    - target: {fileID: 7162075601513669204, guid: 211ab963ba5624fed8544668543d1262,
        type: 3}
      propertyPath: m_LocalRotation.x
      value: -0
      objectReference: {fileID: 0}
    - target: {fileID: 7162075601513669204, guid: 211ab963ba5624fed8544668543d1262,
        type: 3}
      propertyPath: m_LocalRotation.y
      value: -0
      objectReference: {fileID: 0}
    - target: {fileID: 7162075601513669204, guid: 211ab963ba5624fed8544668543d1262,
        type: 3}
      propertyPath: m_LocalRotation.z
      value: -0
      objectReference: {fileID: 0}
    - target: {fileID: 7162075601513669204, guid: 211ab963ba5624fed8544668543d1262,
        type: 3}
      propertyPath: m_LocalRotation.w
      value: 1
      objectReference: {fileID: 0}
    - target: {fileID: 7162075601513669204, guid: 211ab963ba5624fed8544668543d1262,
        type: 3}
      propertyPath: m_RootOrder
      value: 5
      objectReference: {fileID: 0}
    - target: {fileID: 7162075601513669204, guid: 211ab963ba5624fed8544668543d1262,
        type: 3}
      propertyPath: m_LocalEulerAnglesHint.x
      value: 0
      objectReference: {fileID: 0}
    - target: {fileID: 7162075601513669204, guid: 211ab963ba5624fed8544668543d1262,
        type: 3}
      propertyPath: m_LocalEulerAnglesHint.y
      value: 0
      objectReference: {fileID: 0}
    - target: {fileID: 7162075601513669204, guid: 211ab963ba5624fed8544668543d1262,
        type: 3}
      propertyPath: m_LocalEulerAnglesHint.z
      value: 0
      objectReference: {fileID: 0}
    - target: {fileID: 7162075601513669204, guid: 211ab963ba5624fed8544668543d1262,
        type: 3}
      propertyPath: m_LocalScale.x
      value: 0.1
      objectReference: {fileID: 0}
    - target: {fileID: 7162075601513669204, guid: 211ab963ba5624fed8544668543d1262,
        type: 3}
      propertyPath: m_LocalScale.y
      value: 0.1
      objectReference: {fileID: 0}
    - target: {fileID: 7162075601513669204, guid: 211ab963ba5624fed8544668543d1262,
        type: 3}
      propertyPath: m_LocalScale.z
      value: 0.1
      objectReference: {fileID: 0}
    m_RemovedComponents: []
  m_SourcePrefab: {fileID: 100100000, guid: 211ab963ba5624fed8544668543d1262, type: 3}
--- !u!4 &8286442188824780484 stripped
Transform:
  m_CorrespondingSourceObject: {fileID: 7162075601513669204, guid: 211ab963ba5624fed8544668543d1262,
    type: 3}
  m_PrefabInstance: {fileID: 1268773284011375760}
  m_PrefabAsset: {fileID: 0}
--- !u!1001 &1268773284052504200
PrefabInstance:
  m_ObjectHideFlags: 0
  serializedVersion: 2
  m_Modification:
    m_TransformParent: {fileID: 1268773282685844591}
    m_Modifications:
    - target: {fileID: 6941820856861179515, guid: 211ab963ba5624fed8544668543d1262,
        type: 3}
      propertyPath: m_Name
      value: CubePart (9)
      objectReference: {fileID: 0}
    - target: {fileID: 7162075601513669204, guid: 211ab963ba5624fed8544668543d1262,
        type: 3}
      propertyPath: m_LocalPosition.x
      value: -0.1
      objectReference: {fileID: 0}
    - target: {fileID: 7162075601513669204, guid: 211ab963ba5624fed8544668543d1262,
        type: 3}
      propertyPath: m_LocalPosition.y
      value: 0
      objectReference: {fileID: 0}
    - target: {fileID: 7162075601513669204, guid: 211ab963ba5624fed8544668543d1262,
        type: 3}
      propertyPath: m_LocalPosition.z
      value: 0.1
      objectReference: {fileID: 0}
    - target: {fileID: 7162075601513669204, guid: 211ab963ba5624fed8544668543d1262,
        type: 3}
      propertyPath: m_LocalRotation.x
      value: -0
      objectReference: {fileID: 0}
    - target: {fileID: 7162075601513669204, guid: 211ab963ba5624fed8544668543d1262,
        type: 3}
      propertyPath: m_LocalRotation.y
      value: -0
      objectReference: {fileID: 0}
    - target: {fileID: 7162075601513669204, guid: 211ab963ba5624fed8544668543d1262,
        type: 3}
      propertyPath: m_LocalRotation.z
      value: -0
      objectReference: {fileID: 0}
    - target: {fileID: 7162075601513669204, guid: 211ab963ba5624fed8544668543d1262,
        type: 3}
      propertyPath: m_LocalRotation.w
      value: 1
      objectReference: {fileID: 0}
    - target: {fileID: 7162075601513669204, guid: 211ab963ba5624fed8544668543d1262,
        type: 3}
      propertyPath: m_RootOrder
      value: 9
      objectReference: {fileID: 0}
    - target: {fileID: 7162075601513669204, guid: 211ab963ba5624fed8544668543d1262,
        type: 3}
      propertyPath: m_LocalEulerAnglesHint.x
      value: 0
      objectReference: {fileID: 0}
    - target: {fileID: 7162075601513669204, guid: 211ab963ba5624fed8544668543d1262,
        type: 3}
      propertyPath: m_LocalEulerAnglesHint.y
      value: 0
      objectReference: {fileID: 0}
    - target: {fileID: 7162075601513669204, guid: 211ab963ba5624fed8544668543d1262,
        type: 3}
      propertyPath: m_LocalEulerAnglesHint.z
      value: 0
      objectReference: {fileID: 0}
    - target: {fileID: 7162075601513669204, guid: 211ab963ba5624fed8544668543d1262,
        type: 3}
      propertyPath: m_LocalScale.x
      value: 0.1
      objectReference: {fileID: 0}
    - target: {fileID: 7162075601513669204, guid: 211ab963ba5624fed8544668543d1262,
        type: 3}
      propertyPath: m_LocalScale.y
      value: 0.1
      objectReference: {fileID: 0}
    - target: {fileID: 7162075601513669204, guid: 211ab963ba5624fed8544668543d1262,
        type: 3}
      propertyPath: m_LocalScale.z
      value: 0.1
      objectReference: {fileID: 0}
    m_RemovedComponents: []
  m_SourcePrefab: {fileID: 100100000, guid: 211ab963ba5624fed8544668543d1262, type: 3}
--- !u!4 &8286442188389379292 stripped
Transform:
  m_CorrespondingSourceObject: {fileID: 7162075601513669204, guid: 211ab963ba5624fed8544668543d1262,
    type: 3}
  m_PrefabInstance: {fileID: 1268773284052504200}
  m_PrefabAsset: {fileID: 0}
--- !u!1001 &1268773284074666968
PrefabInstance:
  m_ObjectHideFlags: 0
  serializedVersion: 2
  m_Modification:
    m_TransformParent: {fileID: 1268773282685844591}
    m_Modifications:
    - target: {fileID: 6941820856861179515, guid: 211ab963ba5624fed8544668543d1262,
        type: 3}
      propertyPath: m_Name
      value: CubePart (19)
      objectReference: {fileID: 0}
    - target: {fileID: 7162075601513669204, guid: 211ab963ba5624fed8544668543d1262,
        type: 3}
      propertyPath: m_LocalPosition.x
      value: 0
      objectReference: {fileID: 0}
    - target: {fileID: 7162075601513669204, guid: 211ab963ba5624fed8544668543d1262,
        type: 3}
      propertyPath: m_LocalPosition.y
      value: 0.1
      objectReference: {fileID: 0}
    - target: {fileID: 7162075601513669204, guid: 211ab963ba5624fed8544668543d1262,
        type: 3}
      propertyPath: m_LocalPosition.z
      value: -0.1
      objectReference: {fileID: 0}
    - target: {fileID: 7162075601513669204, guid: 211ab963ba5624fed8544668543d1262,
        type: 3}
      propertyPath: m_LocalRotation.x
      value: -0
      objectReference: {fileID: 0}
    - target: {fileID: 7162075601513669204, guid: 211ab963ba5624fed8544668543d1262,
        type: 3}
      propertyPath: m_LocalRotation.y
      value: -0
      objectReference: {fileID: 0}
    - target: {fileID: 7162075601513669204, guid: 211ab963ba5624fed8544668543d1262,
        type: 3}
      propertyPath: m_LocalRotation.z
      value: -0
      objectReference: {fileID: 0}
    - target: {fileID: 7162075601513669204, guid: 211ab963ba5624fed8544668543d1262,
        type: 3}
      propertyPath: m_LocalRotation.w
      value: 1
      objectReference: {fileID: 0}
    - target: {fileID: 7162075601513669204, guid: 211ab963ba5624fed8544668543d1262,
        type: 3}
      propertyPath: m_RootOrder
      value: 25
      objectReference: {fileID: 0}
    - target: {fileID: 7162075601513669204, guid: 211ab963ba5624fed8544668543d1262,
        type: 3}
      propertyPath: m_LocalEulerAnglesHint.x
      value: 0
      objectReference: {fileID: 0}
    - target: {fileID: 7162075601513669204, guid: 211ab963ba5624fed8544668543d1262,
        type: 3}
      propertyPath: m_LocalEulerAnglesHint.y
      value: 0
      objectReference: {fileID: 0}
    - target: {fileID: 7162075601513669204, guid: 211ab963ba5624fed8544668543d1262,
        type: 3}
      propertyPath: m_LocalEulerAnglesHint.z
      value: 0
      objectReference: {fileID: 0}
    - target: {fileID: 7162075601513669204, guid: 211ab963ba5624fed8544668543d1262,
        type: 3}
      propertyPath: m_LocalScale.x
      value: 0.1
      objectReference: {fileID: 0}
    - target: {fileID: 7162075601513669204, guid: 211ab963ba5624fed8544668543d1262,
        type: 3}
      propertyPath: m_LocalScale.y
      value: 0.1
      objectReference: {fileID: 0}
    - target: {fileID: 7162075601513669204, guid: 211ab963ba5624fed8544668543d1262,
        type: 3}
      propertyPath: m_LocalScale.z
      value: 0.1
      objectReference: {fileID: 0}
    m_RemovedComponents: []
  m_SourcePrefab: {fileID: 100100000, guid: 211ab963ba5624fed8544668543d1262, type: 3}
--- !u!4 &8286442188400777612 stripped
Transform:
  m_CorrespondingSourceObject: {fileID: 7162075601513669204, guid: 211ab963ba5624fed8544668543d1262,
    type: 3}
  m_PrefabInstance: {fileID: 1268773284074666968}
  m_PrefabAsset: {fileID: 0}
--- !u!1001 &1268773284189560508
PrefabInstance:
  m_ObjectHideFlags: 0
  serializedVersion: 2
  m_Modification:
    m_TransformParent: {fileID: 1268773282685844591}
    m_Modifications:
    - target: {fileID: 6941820856861179515, guid: 211ab963ba5624fed8544668543d1262,
        type: 3}
      propertyPath: m_Name
      value: CubePart (3)
      objectReference: {fileID: 0}
    - target: {fileID: 7162075601513669204, guid: 211ab963ba5624fed8544668543d1262,
        type: 3}
      propertyPath: m_LocalPosition.x
      value: -0.1
      objectReference: {fileID: 0}
    - target: {fileID: 7162075601513669204, guid: 211ab963ba5624fed8544668543d1262,
        type: 3}
      propertyPath: m_LocalPosition.y
      value: -0.1
      objectReference: {fileID: 0}
    - target: {fileID: 7162075601513669204, guid: 211ab963ba5624fed8544668543d1262,
        type: 3}
      propertyPath: m_LocalPosition.z
      value: 0
      objectReference: {fileID: 0}
    - target: {fileID: 7162075601513669204, guid: 211ab963ba5624fed8544668543d1262,
        type: 3}
      propertyPath: m_LocalRotation.x
      value: -0
      objectReference: {fileID: 0}
    - target: {fileID: 7162075601513669204, guid: 211ab963ba5624fed8544668543d1262,
        type: 3}
      propertyPath: m_LocalRotation.y
      value: -0
      objectReference: {fileID: 0}
    - target: {fileID: 7162075601513669204, guid: 211ab963ba5624fed8544668543d1262,
        type: 3}
      propertyPath: m_LocalRotation.z
      value: -0
      objectReference: {fileID: 0}
    - target: {fileID: 7162075601513669204, guid: 211ab963ba5624fed8544668543d1262,
        type: 3}
      propertyPath: m_LocalRotation.w
      value: 1
      objectReference: {fileID: 0}
    - target: {fileID: 7162075601513669204, guid: 211ab963ba5624fed8544668543d1262,
        type: 3}
      propertyPath: m_RootOrder
      value: 3
      objectReference: {fileID: 0}
    - target: {fileID: 7162075601513669204, guid: 211ab963ba5624fed8544668543d1262,
        type: 3}
      propertyPath: m_LocalEulerAnglesHint.x
      value: 0
      objectReference: {fileID: 0}
    - target: {fileID: 7162075601513669204, guid: 211ab963ba5624fed8544668543d1262,
        type: 3}
      propertyPath: m_LocalEulerAnglesHint.y
      value: 0
      objectReference: {fileID: 0}
    - target: {fileID: 7162075601513669204, guid: 211ab963ba5624fed8544668543d1262,
        type: 3}
      propertyPath: m_LocalEulerAnglesHint.z
      value: 0
      objectReference: {fileID: 0}
    - target: {fileID: 7162075601513669204, guid: 211ab963ba5624fed8544668543d1262,
        type: 3}
      propertyPath: m_LocalScale.x
      value: 0.1
      objectReference: {fileID: 0}
    - target: {fileID: 7162075601513669204, guid: 211ab963ba5624fed8544668543d1262,
        type: 3}
      propertyPath: m_LocalScale.y
      value: 0.1
      objectReference: {fileID: 0}
    - target: {fileID: 7162075601513669204, guid: 211ab963ba5624fed8544668543d1262,
        type: 3}
      propertyPath: m_LocalScale.z
      value: 0.1
      objectReference: {fileID: 0}
    m_RemovedComponents: []
  m_SourcePrefab: {fileID: 100100000, guid: 211ab963ba5624fed8544668543d1262, type: 3}
--- !u!4 &8286442188513557736 stripped
Transform:
  m_CorrespondingSourceObject: {fileID: 7162075601513669204, guid: 211ab963ba5624fed8544668543d1262,
    type: 3}
  m_PrefabInstance: {fileID: 1268773284189560508}
  m_PrefabAsset: {fileID: 0}
--- !u!1001 &1268773284219485001
PrefabInstance:
  m_ObjectHideFlags: 0
  serializedVersion: 2
  m_Modification:
    m_TransformParent: {fileID: 1268773282685844591}
    m_Modifications:
    - target: {fileID: 6941820856861179515, guid: 211ab963ba5624fed8544668543d1262,
        type: 3}
      propertyPath: m_Name
      value: CubePart (23)
      objectReference: {fileID: 0}
    - target: {fileID: 7162075601513669204, guid: 211ab963ba5624fed8544668543d1262,
        type: 3}
      propertyPath: m_LocalPosition.x
      value: 0
      objectReference: {fileID: 0}
    - target: {fileID: 7162075601513669204, guid: 211ab963ba5624fed8544668543d1262,
        type: 3}
      propertyPath: m_LocalPosition.y
      value: 0.1
      objectReference: {fileID: 0}
    - target: {fileID: 7162075601513669204, guid: 211ab963ba5624fed8544668543d1262,
        type: 3}
      propertyPath: m_LocalPosition.z
      value: 0
      objectReference: {fileID: 0}
    - target: {fileID: 7162075601513669204, guid: 211ab963ba5624fed8544668543d1262,
        type: 3}
      propertyPath: m_LocalRotation.x
      value: -0
      objectReference: {fileID: 0}
    - target: {fileID: 7162075601513669204, guid: 211ab963ba5624fed8544668543d1262,
        type: 3}
      propertyPath: m_LocalRotation.y
      value: -0
      objectReference: {fileID: 0}
    - target: {fileID: 7162075601513669204, guid: 211ab963ba5624fed8544668543d1262,
        type: 3}
      propertyPath: m_LocalRotation.z
      value: -0
      objectReference: {fileID: 0}
    - target: {fileID: 7162075601513669204, guid: 211ab963ba5624fed8544668543d1262,
        type: 3}
      propertyPath: m_LocalRotation.w
      value: 1
      objectReference: {fileID: 0}
    - target: {fileID: 7162075601513669204, guid: 211ab963ba5624fed8544668543d1262,
        type: 3}
      propertyPath: m_RootOrder
      value: 22
      objectReference: {fileID: 0}
    - target: {fileID: 7162075601513669204, guid: 211ab963ba5624fed8544668543d1262,
        type: 3}
      propertyPath: m_LocalEulerAnglesHint.x
      value: 0
      objectReference: {fileID: 0}
    - target: {fileID: 7162075601513669204, guid: 211ab963ba5624fed8544668543d1262,
        type: 3}
      propertyPath: m_LocalEulerAnglesHint.y
      value: 0
      objectReference: {fileID: 0}
    - target: {fileID: 7162075601513669204, guid: 211ab963ba5624fed8544668543d1262,
        type: 3}
      propertyPath: m_LocalEulerAnglesHint.z
      value: 0
      objectReference: {fileID: 0}
    - target: {fileID: 7162075601513669204, guid: 211ab963ba5624fed8544668543d1262,
        type: 3}
      propertyPath: m_LocalScale.x
      value: 0.1
      objectReference: {fileID: 0}
    - target: {fileID: 7162075601513669204, guid: 211ab963ba5624fed8544668543d1262,
        type: 3}
      propertyPath: m_LocalScale.y
      value: 0.1
      objectReference: {fileID: 0}
    - target: {fileID: 7162075601513669204, guid: 211ab963ba5624fed8544668543d1262,
        type: 3}
      propertyPath: m_LocalScale.z
      value: 0.1
      objectReference: {fileID: 0}
    m_RemovedComponents: []
  m_SourcePrefab: {fileID: 100100000, guid: 211ab963ba5624fed8544668543d1262, type: 3}
--- !u!4 &8286442188491888925 stripped
Transform:
  m_CorrespondingSourceObject: {fileID: 7162075601513669204, guid: 211ab963ba5624fed8544668543d1262,
    type: 3}
  m_PrefabInstance: {fileID: 1268773284219485001}
  m_PrefabAsset: {fileID: 0}
--- !u!1001 &1268773284259571809
PrefabInstance:
  m_ObjectHideFlags: 0
  serializedVersion: 2
  m_Modification:
    m_TransformParent: {fileID: 1268773282685844591}
    m_Modifications:
    - target: {fileID: 6941820856861179515, guid: 211ab963ba5624fed8544668543d1262,
        type: 3}
      propertyPath: m_Name
      value: CubePart (20)
      objectReference: {fileID: 0}
    - target: {fileID: 7162075601513669204, guid: 211ab963ba5624fed8544668543d1262,
        type: 3}
      propertyPath: m_LocalPosition.x
      value: -0.1
      objectReference: {fileID: 0}
    - target: {fileID: 7162075601513669204, guid: 211ab963ba5624fed8544668543d1262,
        type: 3}
      propertyPath: m_LocalPosition.y
      value: 0.1
      objectReference: {fileID: 0}
    - target: {fileID: 7162075601513669204, guid: 211ab963ba5624fed8544668543d1262,
        type: 3}
      propertyPath: m_LocalPosition.z
      value: 0
      objectReference: {fileID: 0}
    - target: {fileID: 7162075601513669204, guid: 211ab963ba5624fed8544668543d1262,
        type: 3}
      propertyPath: m_LocalRotation.x
      value: -0
      objectReference: {fileID: 0}
    - target: {fileID: 7162075601513669204, guid: 211ab963ba5624fed8544668543d1262,
        type: 3}
      propertyPath: m_LocalRotation.y
      value: -0
      objectReference: {fileID: 0}
    - target: {fileID: 7162075601513669204, guid: 211ab963ba5624fed8544668543d1262,
        type: 3}
      propertyPath: m_LocalRotation.z
      value: -0
      objectReference: {fileID: 0}
    - target: {fileID: 7162075601513669204, guid: 211ab963ba5624fed8544668543d1262,
        type: 3}
      propertyPath: m_LocalRotation.w
      value: 1
      objectReference: {fileID: 0}
    - target: {fileID: 7162075601513669204, guid: 211ab963ba5624fed8544668543d1262,
        type: 3}
      propertyPath: m_RootOrder
      value: 21
      objectReference: {fileID: 0}
    - target: {fileID: 7162075601513669204, guid: 211ab963ba5624fed8544668543d1262,
        type: 3}
      propertyPath: m_LocalEulerAnglesHint.x
      value: 0
      objectReference: {fileID: 0}
    - target: {fileID: 7162075601513669204, guid: 211ab963ba5624fed8544668543d1262,
        type: 3}
      propertyPath: m_LocalEulerAnglesHint.y
      value: 0
      objectReference: {fileID: 0}
    - target: {fileID: 7162075601513669204, guid: 211ab963ba5624fed8544668543d1262,
        type: 3}
      propertyPath: m_LocalEulerAnglesHint.z
      value: 0
      objectReference: {fileID: 0}
    - target: {fileID: 7162075601513669204, guid: 211ab963ba5624fed8544668543d1262,
        type: 3}
      propertyPath: m_LocalScale.x
      value: 0.1
      objectReference: {fileID: 0}
    - target: {fileID: 7162075601513669204, guid: 211ab963ba5624fed8544668543d1262,
        type: 3}
      propertyPath: m_LocalScale.y
      value: 0.1
      objectReference: {fileID: 0}
    - target: {fileID: 7162075601513669204, guid: 211ab963ba5624fed8544668543d1262,
        type: 3}
      propertyPath: m_LocalScale.z
      value: 0.1
      objectReference: {fileID: 0}
    m_RemovedComponents: []
  m_SourcePrefab: {fileID: 100100000, guid: 211ab963ba5624fed8544668543d1262, type: 3}
--- !u!4 &8286442188586011189 stripped
Transform:
  m_CorrespondingSourceObject: {fileID: 7162075601513669204, guid: 211ab963ba5624fed8544668543d1262,
    type: 3}
  m_PrefabInstance: {fileID: 1268773284259571809}
  m_PrefabAsset: {fileID: 0}
--- !u!1001 &1268773284294003156
PrefabInstance:
  m_ObjectHideFlags: 0
  serializedVersion: 2
  m_Modification:
    m_TransformParent: {fileID: 1268773282685844591}
    m_Modifications:
    - target: {fileID: 6941820856861179515, guid: 211ab963ba5624fed8544668543d1262,
        type: 3}
      propertyPath: m_Name
      value: CubePart (7)
      objectReference: {fileID: 0}
    - target: {fileID: 7162075601513669204, guid: 211ab963ba5624fed8544668543d1262,
        type: 3}
      propertyPath: m_LocalPosition.x
      value: 0
      objectReference: {fileID: 0}
    - target: {fileID: 7162075601513669204, guid: 211ab963ba5624fed8544668543d1262,
        type: 3}
      propertyPath: m_LocalPosition.y
      value: -0.1
      objectReference: {fileID: 0}
    - target: {fileID: 7162075601513669204, guid: 211ab963ba5624fed8544668543d1262,
        type: 3}
      propertyPath: m_LocalPosition.z
      value: -0.1
      objectReference: {fileID: 0}
    - target: {fileID: 7162075601513669204, guid: 211ab963ba5624fed8544668543d1262,
        type: 3}
      propertyPath: m_LocalRotation.x
      value: -0
      objectReference: {fileID: 0}
    - target: {fileID: 7162075601513669204, guid: 211ab963ba5624fed8544668543d1262,
        type: 3}
      propertyPath: m_LocalRotation.y
      value: -0
      objectReference: {fileID: 0}
    - target: {fileID: 7162075601513669204, guid: 211ab963ba5624fed8544668543d1262,
        type: 3}
      propertyPath: m_LocalRotation.z
      value: -0
      objectReference: {fileID: 0}
    - target: {fileID: 7162075601513669204, guid: 211ab963ba5624fed8544668543d1262,
        type: 3}
      propertyPath: m_LocalRotation.w
      value: 1
      objectReference: {fileID: 0}
    - target: {fileID: 7162075601513669204, guid: 211ab963ba5624fed8544668543d1262,
        type: 3}
      propertyPath: m_RootOrder
      value: 7
      objectReference: {fileID: 0}
    - target: {fileID: 7162075601513669204, guid: 211ab963ba5624fed8544668543d1262,
        type: 3}
      propertyPath: m_LocalEulerAnglesHint.x
      value: 0
      objectReference: {fileID: 0}
    - target: {fileID: 7162075601513669204, guid: 211ab963ba5624fed8544668543d1262,
        type: 3}
      propertyPath: m_LocalEulerAnglesHint.y
      value: 0
      objectReference: {fileID: 0}
    - target: {fileID: 7162075601513669204, guid: 211ab963ba5624fed8544668543d1262,
        type: 3}
      propertyPath: m_LocalEulerAnglesHint.z
      value: 0
      objectReference: {fileID: 0}
    - target: {fileID: 7162075601513669204, guid: 211ab963ba5624fed8544668543d1262,
        type: 3}
      propertyPath: m_LocalScale.x
      value: 0.1
      objectReference: {fileID: 0}
    - target: {fileID: 7162075601513669204, guid: 211ab963ba5624fed8544668543d1262,
        type: 3}
      propertyPath: m_LocalScale.y
      value: 0.1
      objectReference: {fileID: 0}
    - target: {fileID: 7162075601513669204, guid: 211ab963ba5624fed8544668543d1262,
        type: 3}
      propertyPath: m_LocalScale.z
      value: 0.1
      objectReference: {fileID: 0}
    m_RemovedComponents: []
  m_SourcePrefab: {fileID: 100100000, guid: 211ab963ba5624fed8544668543d1262, type: 3}
--- !u!4 &8286442188551711616 stripped
Transform:
  m_CorrespondingSourceObject: {fileID: 7162075601513669204, guid: 211ab963ba5624fed8544668543d1262,
    type: 3}
  m_PrefabInstance: {fileID: 1268773284294003156}
  m_PrefabAsset: {fileID: 0}
--- !u!1001 &1268773284295428788
PrefabInstance:
  m_ObjectHideFlags: 0
  serializedVersion: 2
  m_Modification:
    m_TransformParent: {fileID: 1268773282685844591}
    m_Modifications:
    - target: {fileID: 6941820856861179515, guid: 211ab963ba5624fed8544668543d1262,
        type: 3}
      propertyPath: m_Name
      value: CubePart (18)
      objectReference: {fileID: 0}
    - target: {fileID: 7162075601513669204, guid: 211ab963ba5624fed8544668543d1262,
        type: 3}
      propertyPath: m_LocalPosition.x
      value: 0.1
      objectReference: {fileID: 0}
    - target: {fileID: 7162075601513669204, guid: 211ab963ba5624fed8544668543d1262,
        type: 3}
      propertyPath: m_LocalPosition.y
      value: 0.1
      objectReference: {fileID: 0}
    - target: {fileID: 7162075601513669204, guid: 211ab963ba5624fed8544668543d1262,
        type: 3}
      propertyPath: m_LocalPosition.z
      value: -0.1
      objectReference: {fileID: 0}
    - target: {fileID: 7162075601513669204, guid: 211ab963ba5624fed8544668543d1262,
        type: 3}
      propertyPath: m_LocalRotation.x
      value: -0
      objectReference: {fileID: 0}
    - target: {fileID: 7162075601513669204, guid: 211ab963ba5624fed8544668543d1262,
        type: 3}
      propertyPath: m_LocalRotation.y
      value: -0
      objectReference: {fileID: 0}
    - target: {fileID: 7162075601513669204, guid: 211ab963ba5624fed8544668543d1262,
        type: 3}
      propertyPath: m_LocalRotation.z
      value: -0
      objectReference: {fileID: 0}
    - target: {fileID: 7162075601513669204, guid: 211ab963ba5624fed8544668543d1262,
        type: 3}
      propertyPath: m_LocalRotation.w
      value: 1
      objectReference: {fileID: 0}
    - target: {fileID: 7162075601513669204, guid: 211ab963ba5624fed8544668543d1262,
        type: 3}
      propertyPath: m_RootOrder
      value: 26
      objectReference: {fileID: 0}
    - target: {fileID: 7162075601513669204, guid: 211ab963ba5624fed8544668543d1262,
        type: 3}
      propertyPath: m_LocalEulerAnglesHint.x
      value: 0
      objectReference: {fileID: 0}
    - target: {fileID: 7162075601513669204, guid: 211ab963ba5624fed8544668543d1262,
        type: 3}
      propertyPath: m_LocalEulerAnglesHint.y
      value: 0
      objectReference: {fileID: 0}
    - target: {fileID: 7162075601513669204, guid: 211ab963ba5624fed8544668543d1262,
        type: 3}
      propertyPath: m_LocalEulerAnglesHint.z
      value: 0
      objectReference: {fileID: 0}
    - target: {fileID: 7162075601513669204, guid: 211ab963ba5624fed8544668543d1262,
        type: 3}
      propertyPath: m_LocalScale.x
      value: 0.1
      objectReference: {fileID: 0}
    - target: {fileID: 7162075601513669204, guid: 211ab963ba5624fed8544668543d1262,
        type: 3}
      propertyPath: m_LocalScale.y
      value: 0.1
      objectReference: {fileID: 0}
    - target: {fileID: 7162075601513669204, guid: 211ab963ba5624fed8544668543d1262,
        type: 3}
      propertyPath: m_LocalScale.z
      value: 0.1
      objectReference: {fileID: 0}
    m_RemovedComponents: []
  m_SourcePrefab: {fileID: 100100000, guid: 211ab963ba5624fed8544668543d1262, type: 3}
--- !u!4 &8286442188550285536 stripped
Transform:
  m_CorrespondingSourceObject: {fileID: 7162075601513669204, guid: 211ab963ba5624fed8544668543d1262,
    type: 3}
  m_PrefabInstance: {fileID: 1268773284295428788}
  m_PrefabAsset: {fileID: 0}
--- !u!1001 &1268773284336491221
PrefabInstance:
  m_ObjectHideFlags: 0
  serializedVersion: 2
  m_Modification:
    m_TransformParent: {fileID: 1268773282685844591}
    m_Modifications:
    - target: {fileID: 6941820856861179515, guid: 211ab963ba5624fed8544668543d1262,
        type: 3}
      propertyPath: m_Name
      value: CubePart (6)
      objectReference: {fileID: 0}
    - target: {fileID: 7162075601513669204, guid: 211ab963ba5624fed8544668543d1262,
        type: 3}
      propertyPath: m_LocalPosition.x
      value: 0.1
      objectReference: {fileID: 0}
    - target: {fileID: 7162075601513669204, guid: 211ab963ba5624fed8544668543d1262,
        type: 3}
      propertyPath: m_LocalPosition.y
      value: -0.1
      objectReference: {fileID: 0}
    - target: {fileID: 7162075601513669204, guid: 211ab963ba5624fed8544668543d1262,
        type: 3}
      propertyPath: m_LocalPosition.z
      value: -0.1
      objectReference: {fileID: 0}
    - target: {fileID: 7162075601513669204, guid: 211ab963ba5624fed8544668543d1262,
        type: 3}
      propertyPath: m_LocalRotation.x
      value: -0
      objectReference: {fileID: 0}
    - target: {fileID: 7162075601513669204, guid: 211ab963ba5624fed8544668543d1262,
        type: 3}
      propertyPath: m_LocalRotation.y
      value: -0
      objectReference: {fileID: 0}
    - target: {fileID: 7162075601513669204, guid: 211ab963ba5624fed8544668543d1262,
        type: 3}
      propertyPath: m_LocalRotation.z
      value: -0
      objectReference: {fileID: 0}
    - target: {fileID: 7162075601513669204, guid: 211ab963ba5624fed8544668543d1262,
        type: 3}
      propertyPath: m_LocalRotation.w
      value: 1
      objectReference: {fileID: 0}
    - target: {fileID: 7162075601513669204, guid: 211ab963ba5624fed8544668543d1262,
        type: 3}
      propertyPath: m_RootOrder
      value: 8
      objectReference: {fileID: 0}
    - target: {fileID: 7162075601513669204, guid: 211ab963ba5624fed8544668543d1262,
        type: 3}
      propertyPath: m_LocalEulerAnglesHint.x
      value: 0
      objectReference: {fileID: 0}
    - target: {fileID: 7162075601513669204, guid: 211ab963ba5624fed8544668543d1262,
        type: 3}
      propertyPath: m_LocalEulerAnglesHint.y
      value: 0
      objectReference: {fileID: 0}
    - target: {fileID: 7162075601513669204, guid: 211ab963ba5624fed8544668543d1262,
        type: 3}
      propertyPath: m_LocalEulerAnglesHint.z
      value: 0
      objectReference: {fileID: 0}
    - target: {fileID: 7162075601513669204, guid: 211ab963ba5624fed8544668543d1262,
        type: 3}
      propertyPath: m_LocalScale.x
      value: 0.1
      objectReference: {fileID: 0}
    - target: {fileID: 7162075601513669204, guid: 211ab963ba5624fed8544668543d1262,
        type: 3}
      propertyPath: m_LocalScale.y
      value: 0.1
      objectReference: {fileID: 0}
    - target: {fileID: 7162075601513669204, guid: 211ab963ba5624fed8544668543d1262,
        type: 3}
      propertyPath: m_LocalScale.z
      value: 0.1
      objectReference: {fileID: 0}
    m_RemovedComponents: []
  m_SourcePrefab: {fileID: 100100000, guid: 211ab963ba5624fed8544668543d1262, type: 3}
--- !u!4 &8286442188139083905 stripped
Transform:
  m_CorrespondingSourceObject: {fileID: 7162075601513669204, guid: 211ab963ba5624fed8544668543d1262,
    type: 3}
  m_PrefabInstance: {fileID: 1268773284336491221}
  m_PrefabAsset: {fileID: 0}
--- !u!1001 &1268773284342260908
PrefabInstance:
  m_ObjectHideFlags: 0
  serializedVersion: 2
  m_Modification:
    m_TransformParent: {fileID: 1268773282685844591}
    m_Modifications:
    - target: {fileID: 6941820856861179515, guid: 211ab963ba5624fed8544668543d1262,
        type: 3}
      propertyPath: m_Name
      value: CubePart (11)
      objectReference: {fileID: 0}
    - target: {fileID: 7162075601513669204, guid: 211ab963ba5624fed8544668543d1262,
        type: 3}
      propertyPath: m_LocalPosition.x
      value: 0.1
      objectReference: {fileID: 0}
    - target: {fileID: 7162075601513669204, guid: 211ab963ba5624fed8544668543d1262,
        type: 3}
      propertyPath: m_LocalPosition.y
      value: 0
      objectReference: {fileID: 0}
    - target: {fileID: 7162075601513669204, guid: 211ab963ba5624fed8544668543d1262,
        type: 3}
      propertyPath: m_LocalPosition.z
      value: 0.1
      objectReference: {fileID: 0}
    - target: {fileID: 7162075601513669204, guid: 211ab963ba5624fed8544668543d1262,
        type: 3}
      propertyPath: m_LocalRotation.x
      value: -0
      objectReference: {fileID: 0}
    - target: {fileID: 7162075601513669204, guid: 211ab963ba5624fed8544668543d1262,
        type: 3}
      propertyPath: m_LocalRotation.y
      value: -0
      objectReference: {fileID: 0}
    - target: {fileID: 7162075601513669204, guid: 211ab963ba5624fed8544668543d1262,
        type: 3}
      propertyPath: m_LocalRotation.z
      value: -0
      objectReference: {fileID: 0}
    - target: {fileID: 7162075601513669204, guid: 211ab963ba5624fed8544668543d1262,
        type: 3}
      propertyPath: m_LocalRotation.w
      value: 1
      objectReference: {fileID: 0}
    - target: {fileID: 7162075601513669204, guid: 211ab963ba5624fed8544668543d1262,
        type: 3}
      propertyPath: m_RootOrder
      value: 11
      objectReference: {fileID: 0}
    - target: {fileID: 7162075601513669204, guid: 211ab963ba5624fed8544668543d1262,
        type: 3}
      propertyPath: m_LocalEulerAnglesHint.x
      value: 0
      objectReference: {fileID: 0}
    - target: {fileID: 7162075601513669204, guid: 211ab963ba5624fed8544668543d1262,
        type: 3}
      propertyPath: m_LocalEulerAnglesHint.y
      value: 0
      objectReference: {fileID: 0}
    - target: {fileID: 7162075601513669204, guid: 211ab963ba5624fed8544668543d1262,
        type: 3}
      propertyPath: m_LocalEulerAnglesHint.z
      value: 0
      objectReference: {fileID: 0}
    - target: {fileID: 7162075601513669204, guid: 211ab963ba5624fed8544668543d1262,
        type: 3}
      propertyPath: m_LocalScale.x
      value: 0.1
      objectReference: {fileID: 0}
    - target: {fileID: 7162075601513669204, guid: 211ab963ba5624fed8544668543d1262,
        type: 3}
      propertyPath: m_LocalScale.y
      value: 0.1
      objectReference: {fileID: 0}
    - target: {fileID: 7162075601513669204, guid: 211ab963ba5624fed8544668543d1262,
        type: 3}
      propertyPath: m_LocalScale.z
      value: 0.1
      objectReference: {fileID: 0}
    m_RemovedComponents: []
  m_SourcePrefab: {fileID: 100100000, guid: 211ab963ba5624fed8544668543d1262, type: 3}
--- !u!4 &8286442188125964024 stripped
Transform:
  m_CorrespondingSourceObject: {fileID: 7162075601513669204, guid: 211ab963ba5624fed8544668543d1262,
    type: 3}
  m_PrefabInstance: {fileID: 1268773284342260908}
  m_PrefabAsset: {fileID: 0}
--- !u!1001 &1268773284417296002
PrefabInstance:
  m_ObjectHideFlags: 0
  serializedVersion: 2
  m_Modification:
    m_TransformParent: {fileID: 1268773282685844591}
    m_Modifications:
    - target: {fileID: 6941820856861179515, guid: 211ab963ba5624fed8544668543d1262,
        type: 3}
      propertyPath: m_Name
      value: CubePart (10)
      objectReference: {fileID: 0}
    - target: {fileID: 7162075601513669204, guid: 211ab963ba5624fed8544668543d1262,
        type: 3}
      propertyPath: m_LocalPosition.x
      value: 0
      objectReference: {fileID: 0}
    - target: {fileID: 7162075601513669204, guid: 211ab963ba5624fed8544668543d1262,
        type: 3}
      propertyPath: m_LocalPosition.y
      value: 0
      objectReference: {fileID: 0}
    - target: {fileID: 7162075601513669204, guid: 211ab963ba5624fed8544668543d1262,
        type: 3}
      propertyPath: m_LocalPosition.z
      value: 0.1
      objectReference: {fileID: 0}
    - target: {fileID: 7162075601513669204, guid: 211ab963ba5624fed8544668543d1262,
        type: 3}
      propertyPath: m_LocalRotation.x
      value: -0
      objectReference: {fileID: 0}
    - target: {fileID: 7162075601513669204, guid: 211ab963ba5624fed8544668543d1262,
        type: 3}
      propertyPath: m_LocalRotation.y
      value: -0
      objectReference: {fileID: 0}
    - target: {fileID: 7162075601513669204, guid: 211ab963ba5624fed8544668543d1262,
        type: 3}
      propertyPath: m_LocalRotation.z
      value: -0
      objectReference: {fileID: 0}
    - target: {fileID: 7162075601513669204, guid: 211ab963ba5624fed8544668543d1262,
        type: 3}
      propertyPath: m_LocalRotation.w
      value: 1
      objectReference: {fileID: 0}
    - target: {fileID: 7162075601513669204, guid: 211ab963ba5624fed8544668543d1262,
        type: 3}
      propertyPath: m_RootOrder
      value: 10
      objectReference: {fileID: 0}
    - target: {fileID: 7162075601513669204, guid: 211ab963ba5624fed8544668543d1262,
        type: 3}
      propertyPath: m_LocalEulerAnglesHint.x
      value: 0
      objectReference: {fileID: 0}
    - target: {fileID: 7162075601513669204, guid: 211ab963ba5624fed8544668543d1262,
        type: 3}
      propertyPath: m_LocalEulerAnglesHint.y
      value: 0
      objectReference: {fileID: 0}
    - target: {fileID: 7162075601513669204, guid: 211ab963ba5624fed8544668543d1262,
        type: 3}
      propertyPath: m_LocalEulerAnglesHint.z
      value: 0
      objectReference: {fileID: 0}
    - target: {fileID: 7162075601513669204, guid: 211ab963ba5624fed8544668543d1262,
        type: 3}
      propertyPath: m_LocalScale.x
      value: 0.1
      objectReference: {fileID: 0}
    - target: {fileID: 7162075601513669204, guid: 211ab963ba5624fed8544668543d1262,
        type: 3}
      propertyPath: m_LocalScale.y
      value: 0.1
      objectReference: {fileID: 0}
    - target: {fileID: 7162075601513669204, guid: 211ab963ba5624fed8544668543d1262,
        type: 3}
      propertyPath: m_LocalScale.z
      value: 0.1
      objectReference: {fileID: 0}
    m_RemovedComponents: []
  m_SourcePrefab: {fileID: 100100000, guid: 211ab963ba5624fed8544668543d1262, type: 3}
--- !u!4 &8286442188150420694 stripped
Transform:
  m_CorrespondingSourceObject: {fileID: 7162075601513669204, guid: 211ab963ba5624fed8544668543d1262,
    type: 3}
  m_PrefabInstance: {fileID: 1268773284417296002}
  m_PrefabAsset: {fileID: 0}
--- !u!1001 &1268773284448689568
PrefabInstance:
  m_ObjectHideFlags: 0
  serializedVersion: 2
  m_Modification:
    m_TransformParent: {fileID: 1268773282685844591}
    m_Modifications:
    - target: {fileID: 6941820856861179515, guid: 211ab963ba5624fed8544668543d1262,
        type: 3}
      propertyPath: m_Name
      value: CubePart (14)
      objectReference: {fileID: 0}
    - target: {fileID: 7162075601513669204, guid: 211ab963ba5624fed8544668543d1262,
        type: 3}
      propertyPath: m_LocalPosition.x
      value: 0.1
      objectReference: {fileID: 0}
    - target: {fileID: 7162075601513669204, guid: 211ab963ba5624fed8544668543d1262,
        type: 3}
      propertyPath: m_LocalPosition.y
      value: 0
      objectReference: {fileID: 0}
    - target: {fileID: 7162075601513669204, guid: 211ab963ba5624fed8544668543d1262,
        type: 3}
      propertyPath: m_LocalPosition.z
      value: -0.1
      objectReference: {fileID: 0}
    - target: {fileID: 7162075601513669204, guid: 211ab963ba5624fed8544668543d1262,
        type: 3}
      propertyPath: m_LocalRotation.x
      value: -0
      objectReference: {fileID: 0}
    - target: {fileID: 7162075601513669204, guid: 211ab963ba5624fed8544668543d1262,
        type: 3}
      propertyPath: m_LocalRotation.y
      value: -0
      objectReference: {fileID: 0}
    - target: {fileID: 7162075601513669204, guid: 211ab963ba5624fed8544668543d1262,
        type: 3}
      propertyPath: m_LocalRotation.z
      value: -0
      objectReference: {fileID: 0}
    - target: {fileID: 7162075601513669204, guid: 211ab963ba5624fed8544668543d1262,
        type: 3}
      propertyPath: m_LocalRotation.w
      value: 1
      objectReference: {fileID: 0}
    - target: {fileID: 7162075601513669204, guid: 211ab963ba5624fed8544668543d1262,
        type: 3}
      propertyPath: m_RootOrder
      value: 17
      objectReference: {fileID: 0}
    - target: {fileID: 7162075601513669204, guid: 211ab963ba5624fed8544668543d1262,
        type: 3}
      propertyPath: m_LocalEulerAnglesHint.x
      value: 0
      objectReference: {fileID: 0}
    - target: {fileID: 7162075601513669204, guid: 211ab963ba5624fed8544668543d1262,
        type: 3}
      propertyPath: m_LocalEulerAnglesHint.y
      value: 0
      objectReference: {fileID: 0}
    - target: {fileID: 7162075601513669204, guid: 211ab963ba5624fed8544668543d1262,
        type: 3}
      propertyPath: m_LocalEulerAnglesHint.z
      value: 0
      objectReference: {fileID: 0}
    - target: {fileID: 7162075601513669204, guid: 211ab963ba5624fed8544668543d1262,
        type: 3}
      propertyPath: m_LocalScale.x
      value: 0.1
      objectReference: {fileID: 0}
    - target: {fileID: 7162075601513669204, guid: 211ab963ba5624fed8544668543d1262,
        type: 3}
      propertyPath: m_LocalScale.y
      value: 0.1
      objectReference: {fileID: 0}
    - target: {fileID: 7162075601513669204, guid: 211ab963ba5624fed8544668543d1262,
        type: 3}
      propertyPath: m_LocalScale.z
      value: 0.1
      objectReference: {fileID: 0}
    m_RemovedComponents: []
  m_SourcePrefab: {fileID: 100100000, guid: 211ab963ba5624fed8544668543d1262, type: 3}
--- !u!4 &8286442188253380596 stripped
Transform:
  m_CorrespondingSourceObject: {fileID: 7162075601513669204, guid: 211ab963ba5624fed8544668543d1262,
    type: 3}
  m_PrefabInstance: {fileID: 1268773284448689568}
  m_PrefabAsset: {fileID: 0}
